%% publisher addresses
@string { pa_aaas = l_usa_washington_dc }
@string { pa_aacs = l_canada_brandon }
@string { pa_aci_learning = l_usa_centennial }
@string { pa_acm = l_usa_new_york }
@string { pa_active_state = l_canada_vancouver }
@string { pa_addison_wesley_professional = l_usa_reading }
@string { pa_addison_wesley_longman = l_usa_redwood_city }
@string { pa_adobe = l_usa_san_jose }
@string { pa_afips_press = l_usa_motvale }
@string { pa_afnlp = "{\url{https://www.afnlp.org}}" }
@string { pa_ais = l_usa_atlanta }
@string { pa_alipay_connect = l_singapore }
@string { pa_amacom = l_usa_new_york }
@string { pa_ams = l_usa_providence }
@string { pa_ansi = l_usa_washington_dc }
@string { pa_apress = l_usa_new_york }
@string { pa_apress_berkeley = l_usa_berkeley }
@string { pa_arpa = l_usa_washington_dc }
@string { pa_asa_stan = l_usa_new_york }
@string { pa_asa_stat = l_usa_alexandria }
@string { pa_astral = l_usa_new_york }
@string { pa_baidu = l_china_beijing }
@string { pa_basex = l_germany_konstanz }
@string { pa_bell_labs = l_usa_new_york }
@string { pa_birkhauser_boston = l_usa_boston }
@string { pa_blackwell_publishing = l_uk_chichester }
@string { pa_blocshop = l_czech_republic_prague }
@string { pa_borland = l_usa_scotts_valley }
@string { pa_bornsql = l_canada_calgary }
@string { pa_brown_university_cs = l_usa_providence }
@string { pa_bruhin_software = l_switzerland_winterthur }
@string { pa_bugsink = l_netherlands_utrecht }
@string { pa_cahners = l_usa_boston }
@string { pa_caltech = l_usa_pasadena }
@string { pa_cambridge_uni_press_ass = l_uk_cambridge }
@string { pa_canonical = l_uk_london }
@string { pa_carnegie_mellon_university_qatar = l_qatar_doha }
@string { pa_catholic_church = l_vatican }
@string { pa_ccse = l_canada_richmond_hill }
@string { pa_cengage_learning = l_usa_boston }
@string { pa_cern = l_switzerland_geneva }
@string { pa_chart_io = l_usa_san_francisco }
@string { pa_cnri = l_usa_reston }
@string { pa_codeproject = l_canada_toronto }
@string { pa_codeb = l_india_mumbai }
@string { pa_conde_nast = l_usa_new_york }
@string { pa_cornell_university_library = l_usa_ithaca }
@string { pa_computer_history_museum = l_usa_mountain_view }
@string { pa_crc_press = l_usa_boca_raton }
@string { pa_createspace = l_usa_north_charleston }
@string { pa_csrea_press = "{{USA}}" }
@string { pa_cw_communications = l_usa_framingham }
@string { pa_dartmouth_college = l_usa_hanover }
@string { pa_dataversity = l_usa_studio_city }
@string { pa_de_gruyter = l_germany_berlin }
@string { pa_deepseek_ai = l_china_hangzhou }
@string { pa_dev_community = l_usa_sacramento }
@string { pa_devcademy_media = l_canada_vancouver }
@string { pa_diy_calculator = l_usa_huntsville }
@string { pa_document_foundation = l_germany_berlin }
@string { pa_drexel_university = l_usa_philadelphia }
@string { pa_ecma = l_switzerland_geneva }
@string { pa_econometric_society = l_usa_new_haven }
@string { pa_elevated_online_services = l_australia_armdale }
@string { pa_elsevier = l_netherlands_amsterdam }
@string { pa_encyclopaedia_britannica_inc = l_usa_chicago }
@string { pa_for_dummies = l_usa_hoboken }
@string { pa_fortune_media = l_usa_new_york }
@string { pa_foundry = l_usa_needham }
@string { pa_freecodecamp = l_usa_oakland }
@string { pa_freie_universitat_berlin = l_germany_berlin }
@string { pa_furman_university = l_usa_greenville }
@string { pa_future_us_inc = l_usa_new_york }
@string { pa_geeksforgeeks = l_india_noida}
@string { pa_george_mason_university = l_usa_fairfax }
@string { pa_github = l_usa_san_francisco }
@string { pa_golem_media = l_germany_berlin }
@string { pa_hanser_verlag = l_germany_munich }
@string { pa_harper_college = l_usa_palatine }
@string { pa_harvard_business_school = l_usa_boston }
@string { pa_hefei_university = l_china_hefei }
@string { pa_hefei_university_school_ai = pa_hefei_university }
@string { pa_hefei_university_iao = pa_hefei_university_school_ai }
@string { pa_hewlett_packard = l_usa_palo_alto }
@string { pa_hexasoft_development = l_malaysia_bayan_baru}
@string { pa_hiroshima_university_dep_ie = l_japan_higashi_hiroshima }
@string { pa_hwaci = l_usa_charlotte }
@string { pa_iag_consulting = l_usa_wilmington }
@string { pa_ibm = l_usa_armonk }
@string { pa_ibm_press = l_usa_indianapolis }
@string { pa_ibm_redbooks = l_usa_durham }
@string { pa_ibm_research_laboratory_sj = l_usa_san_jose }
@string { pa_icao = l_canada_montreal }
@string { pa_icon_computing = l_usa_bluebell }
@string { pa_ieee = l_usa_piscataway }
@string { pa_ieee_computer_society = l_usa_los_alamitos }
@string { pa_ieee_computer_society_publication_office = l_usa_long_beach }
@string { pa_ieee_ny = l_usa_new_york }
@string { pa_ietf = l_usa_wilmington }
@string { pa_ifip = l_austria_laxenburg }
@string { pa_ilogix = l_usa_burlington }
@string { pa_infinite_skills = l_canada_oakville }
@string { pa_informs = l_usa_catonsville }
@string { pa_inria_saclay = l_france_saclay}
@string { pa_institute_of_mathematical_statistics = l_usa_beachwood }
@string { pa_intellicorp = l_usa_santa_clara }
@string { pa_international_biometric_society = l_usa_washington_dc }
@string { pa_iop_publishing = l_uk_bristol }
@string { pa_ios_press = l_netherlands_amsterdam }
@string { pa_isma_university = l_latvia_riga }
@string { pa_iso = l_switzerland_geneva }
@string { pa_iso_3166 = pa_iso }
@string { pa_iso_iec = pa_iso }
@string { pa_jetbrains = l_czech_republic_prague }
@string { pa_kluwer_usa = l_usa_norwell }
@string { pa_leibniz_zentrum_fur_informatik = l_germany_wadern }
@string { pa_library_of_congress = l_usa_washington_dc }
@string { pa_libraries_unlimited = l_usa_dublin }
@string { pa_librarything = l_usa_portland_me }
@string { pa_logilab = l_france_toulouse }
@string { pa_macmillan = l_usa_new_york }
@string { pa_manning_publications = l_usa_shelter_island }
@string { pa_markt_technik = l_germany_burgthann }
@string { pa_maria_db = l_usa_milpitas }
@string { pa_martin_luther_university_iocs = l_germany_halle_saale }
@string { pa_mcgraw_hill = l_usa_new_york }
@string { pa_mci_systemhouse = l_canada_ottawa }
@string { pa_merlinux = l_germany_freiburg }
@string { pa_merriam_webster = l_usa_springfield }
@string { pa_microsoft = l_usa_redmond }
@string { pa_mit = l_usa_cambridge }
@string { pa_mit_computation_center = pa_mit }
@string { pa_mit_press = pa_mit }
@string { pa_mitp_verlag =l_germany_blaufelden }
@string { pa_mjh_life_sciences = l_usa_cranbury }
@string { pa_modern_analyst = l_usa_calabasas }
@string { pa_morgan_kaufman = l_usa_burlington # "/" # l_usa_san_mateo }
@string { pa_mozilla_corporation = l_usa_san_francisco }
@string { pa_mysql_ab = l_sweden_uppsala }
@string { pa_nasa = l_usa_washington_dc }
@string { pa_nasa_asd = l_usa_hanover }
@string { pa_neurips = l_usa_san_diego }
@string { pa_nist = l_usa_gaithersburg }
@string { pa_no_starch_press = l_usa_san_francisco }
@string { pa_north_holland = l_netherlands_amsterdam }
@string { pa_npl_now = l_uk_teddington }
@string { pa_npl_old = l_uk_london }
@string { pa_numfocus = l_usa_austin }
@string { pa_objectime = l_canada_kanata }
@string { pa_oclc = l_usa_dublin }
@string { pa_oeis_foundation = l_usa_highland_park }
@string { pa_omg = l_usa_milford }
@string { pa_open_group = l_usa_san_francisco }
@string { pa_openai = l_usa_san_francisco }
@string { pa_oracle = l_usa_redwood_shores }
@string { pa_oreilly = l_usa_sebastopol }
@string { pa_ovhcloud = l_canada_montreal }
@string { pa_oxford_university_cl = l_uk_oxford }
@string { pa_oxford_university_press = l_uk_oxford }
@string { pa_packt = l_uk_birmingham }
@string { pa_payhip = l_uk_london }
@string { pa_pearson_education = l_usa_hoboken }
@string { pa_pergamon_press = l_uk_oxford }
@string { pa_microsoft_press = pa_pearson_education }
@string { pa_pearson_it_certification = pa_pearson_education }
@string { pa_platinum_technology = l_usa_chicago }
@string { pa_plos = l_usa_san_francisco }
@string { pa_pragmatic_ai_labs = l_usa_san_francisco }
@string { pa_pragmatic_bookshelf = l_usa_flower_mound }
@string { pa_prc_ministry_of_foreign_affairs = l_china_beijing }
@string { pa_prc_standardization_administration = l_china_beijing }
@string { pa_prc_state_council = l_china_beijing }
@string { pa_prentice_hall = l_usa_upper_saddle_river }
@string { pa_prentice_hall_englewood = l_usa_englewood_cliffs }
@string { pa_princeton_university_press = l_usa_princeton }
@string { pa_project_gutenberg = l_usa_salt_lake_city }
@string { pa_psycopg_team = l_uk_london }
@string { pa_ptech = l_usa_boston }
@string { pa_python_morsels = l_iceland_reykjavik }
@string { pa_python_software_foundation = l_usa_beaverton }
@string { pa_quickbase = l_usa_boston }
@string { pa_rand_corporation = l_usa_santa_monica }
@string { pa_rational_software = l_usa_santa_clara }
@string { pa_readthedocs_inc = l_usa_portland_or }
@string { pa_redgate_software = l_uk_cambridge }
@string { pa_refsnes_data = l_norway_sandnes }
@string { pa_reich_technologies = l_usa_paoli }
@string { pa_romanian_american_university_srd = l_romania_bucharest }
@string { pa_royal_statistical_society = l_uk_london }
@string { pa_runestone_academy = l_usa_luck }
@string { pa_sams = l_usa_indianapolis }
@string { pa_scientific_american = l_usa_new_york }
@string { pa_scitepress = l_portugal_porto }
@string { pa_shell_international_limited = l_uk_london }
@string { pa_simon_sez_it = l_usa_christmas }
@string { pa_softeam = l_france_paris }
@string { pa_specialized_systems_consultants = l_usa_seattle }
@string { pa_springer_boston = l_usa_boston }
@string { pa_springer_cham = l_switzerland_cham }
@string { pa_springer_dordrecht = l_netherlands_dordrecht }
@string { pa_springer_nature_limited = l_uk_london }
@string { pa_springer_new_york = l_usa_new_york }
@string { pa_springer_science_and_business = l_usa_new_york }
@string { pa_springer_verlag = l_germany_berlin_heidelberg }
@string { pa_stack_exchange = l_usa_new_york }
@string { pa_sterling_software = l_usa_dallas }
@string { pa_sutori = l_usa_claymont }
@string { pa_swiss_federal_veterinary_office_cfphorap = l_switzerland_zurich }
@string { pa_take_control_books = l_usa_san_diego }
@string { pa_taskon = l_usa_orlando }
@string { pa_taylor_and_francis = l_uk_london }
@string { pa_technical_publishing = l_usa_chicago }
@string { pa_techtarget = l_usa_newton }
@string { pa_teubner_b_g = l_germany_leipzig }
@string { pa_the_data_school = pa_chart_io }
@string { pa_tidelift = l_usa_boston }
@string { pa_tiobe = l_netherlands_eindhoven }
@string { pa_tosid = l_australia_sydney }
@string { pa_trend_pro_co = l_japan_tokyo }
@string { pa_typis_academiae = l_russia_petropolis }
@string { pa_uc_davis = l_usa_davis }
@string { pa_uc_irvine = l_usa_irvine }
@string { pa_ucla = l_usa_los_angeles }
@string { pa_ukri_stfc = l_uk_swindon }
@string { pa_unicode_consortium = l_usa_south_san_francisco }
@string { pa_unisys = l_usa_bluebell }
@string { pa_universidad_del_pais_vasco = l_spain_leioa }
@string { pa_universitat_heidelberg_ifam = l_germany_heidelberg }
@string { pa_university_of_minnesota = l_usa_minneapolis }
@string { pa_university_of_minnesota_miscrcsm = pa_university_of_minnesota }
@string { pa_university_of_missouri_st_louis = l_usa_st_louis }
@string { pa_university_of_north_iowa = l_usa_cedar_falls }
@string { pa_university_of_south_carolina = l_usa_columbia }
@string { pa_university_of_southern_california = l_usa_los_angeles }
@string { pa_university_of_st_andrews_somas = l_uk_st_andrews }
@string { pa_university_of_texas_austin = l_usa_austin }
@string { pa_university_of_toronto_cs = l_canada_toronto }
@string { pa_university_of_washington = l_usa_seattle }
@string { pa_us_department_of_commerce_national_bureau_of_standards_icsat = l_usa_gaithersburg }
@string { pa_us_patent_office = l_usa_washington_dc }
@string { pa_usas = l_usa_new_york }
@string { pa_usenix = l_usa_berkeley }
@string { pa_ustc = l_china_hefei }
@string { pa_ustc_scst = pa_ustc }
@string { pa_ustc_scst_nical = pa_ustc_scst }
@string { pa_verlag_dr_kovac = l_germany_hamburg }
@string { pa_vldb_endowment = l_usa_irvine }
@string { pa_vogel_communications = l_germany_wurzburg }
@string { pa_w3c = l_usa_wakefield }
@string { pa_wiley = l_usa_hoboken }
@string { pa_wiley_and_sons_ltd = l_uk_chichester }
@string { pa_wiley_interscience = l_uk_chichester }
@string { pa_wiley_vch = l_germany_weinheim }
@string { pa_wolfram_research = l_usa_champaign }
@string { pa_world_wide_web_project = pa_cern }
@string { pa_xerox_parc = l_usa_palo_alto }
@string { pa_yaml_language_development_team = l_usa_seattle }
@string { pa_yottadb = l_usa_malvern }
@string { pa_yworks = l_germany_tubingen }
