@techreport{B1999FAOTBEA,
 author = a_brent_richard_p,
 title = {Further Analysis of the Binary {Euclidean} Algorithm},
 xdata = {rep_arxiv_corr},
 number = {abs/1303.2772},
 date = {1999-11/2013-03-12},
 url = {https://arxiv.org/abs/1303.2772},
 urldate = {2024-09-28},
 doi = {10.48550/arXiv.1303.2772},
 addendum = {\mbox{arXiv:1303.2772v1} \mbox{[cs.DS]} \mbox{12~Mar~2013}. Report number~\mbox{PRG~TR-7-99} of } # pa_oxford_university_cl # addr_sep # p_oxford_university_cl # {, } # nov # {~1999, see \url{https://maths-people.anu.edu.au/~brent/pd/rpb183tr.pdf}},
}

@techreport{BB2019AEAOTPPIP,
 author = a_bommarito_ethan # and # a_bommarito_michael,
 title = {An Empirical Analysis of the \glslink{python}{Python} Package Index~(\glslink{pypi}{PyPI})},
 xdata = {rep_arxiv_corr},
 number = {abs/1907.11073},
 date = {2019-07-26},
 url = {https://arxiv.org/abs/1907.11073},
 urldate = {2024-08-17},
 doi = {10.48550/arXiv.1907.11073},
 addendum = {\mbox{arXiv:1907.11073v2} \mbox{[cs.SE]} \mbox{26~Jul~2019}}
}

@techreport{CPD2018TAMPARAOEA,
 author = a_carvalho_pinto_eduardo # and # a_doerr_carola,
 title = {Towards a More Practice-Aware Runtime Analysis of \glslink{algoEA}{Evolutionary Algorithms}},
 xdata = {rep_arxiv_corr},
 number = {abs/1812.00493},
 date = {2018-12-03},
 url = {https://arxiv.org/abs/1812.00493},
 urldate = {2025-08-08},
 doi = {10.48550/arXiv.1812.00493},
 addendum = {\mbox{arXiv:1812.00493v1} \mbox{[cs.NE]} \mbox{3 Dec 2018}}
}

@article{DAGYZSZXZMWBZYWWGSLGLXWWFLZDZRDCJLLDLHCLZBXWDXGQLGLWCYQLCNLCDHGGHYWZZWZXXZZTLWLTHZWCDGZPWCJCLZCYWYZPL2024DRIRCILVRL,
 author = pa_deepseek_ai # addr_sep # p_deepseek_ai # and # a_guo_daya # and # a_yang_dejian # and # a_zhang_haowei # and # a_song_junxiao # and # a_zhang_ruoyu # and # a_xu_runxin # and # a_zhu_qihao # and # a_ma_shirong # and # a_wang_peiyi # and # a_bi_xiao # and # a_zhang_xiaokang # and # a_yu_xingkai # and # a_wu_yu # and # a_wu_z_f # and # a_gou_zhibin # and # a_shao_zhihong # and # a_li_zhuoshu # and # a_gao_ziyi # and # a_liu_aixin # and # a_xue_bing # and # a_wang_bingxuan # and # a_wu_bochao # and # a_feng_bei # and # a_lu_chengda # and # a_zhao_chenggang # and # a_deng_chengqi # and # a_zhang_chenyu # and # a_ruan_chong # and # a_dai_damai # and # a_chen_deli # and # a_ji_dongjie # and # a_li_erhang # and # a_lin_fangyun # and # a_dai_fucong # and # a_luo_fuli # and # a_hao_guangbo # and # a_chen_guanting # and # a_li_guowei # and # a_zhang_h # and # a_bao_han # and # a_xu_hanwei # and # a_wang_haocheng # and # a_ding_honghui # and # a_xin_huajian # and # a_gao_huazuo # and # a_qu_hui # and # a_li_hui # and # a_guo_jianzhong # and # a_li_jiashi # and # a_wang_jiawei # and # a_chen_jingchang # and # a_yuan_jingyang # and # a_qiu_junjie # and # a_li_junlong # and # a_cai_j_l # and # a_ni_jiaqi # and # a_liang_jian # and # a_chen_jin # and # a_dong_kai # and # a_hu_kai # and # a_gao_kaige # and # a_guan_kang # and # a_huang_kexin # and # a_yu_kuai # and # a_wang_lean # and # a_zhang_lecong # and # a_zhao_liang # and # a_wang_litong # and # a_zhang_liyue # and # a_xu_lei # and # a_xia_leyi # and # a_zhang_mingchuan # and # a_zhang_minghua # and # a_tang_minghui # and # a_li_meng # and # a_wang_miaojun # and # a_li_mingming # and # a_tian_ning # and # a_huang_panpan # and # a_zhang_peng # and # a_wang_qiancheng # and # a_chen_qinyu # and # a_du_qiushi # and # a_ge_ruiqi # and # a_zhang_ruisong # and # a_pan_ruizhe # and # a_wang_runji # and # a_chen_r_j # and # a_jin_r_l # and # a_chen_ruyi # and # a_lu_shanghao # and # a_zhou_shangyan # and # a_chen_shanhuang # and # a_ye_shengfeng # and # a_wang_shiyu # and # a_yu_shuiping # and # a_zhou_shunfeng # and # a_pan_shuting # and # a_li_s_s,
 title = {{DeepSeek\nobreakdashes-R1}:~{I}ncentivizing Reasoning Capability in {LLMs} via Reinforcement Learning},
 xdata = {rep_arxiv_corr},
 number = {abs/2501.12948},
 date = {2025-01-22},
 url = {https://arxiv.org/abs/2501.12948},
 urldate = {2025-04-28},
 doi = {10.48550/ARXIV.2501.12948},
 addendum = {\mbox{arXiv:2501.12948v1} \mbox{[cs.CL]} \mbox{22 Jan 2025}}
}

@techreport{L2020RWECSSKAFPA,
 author = a_lafage_vincent,
 title = {Revisiting ``What Every Computer Scientist Should Know About Floating-Point Arithmetic''},
 xdata = {rep_arxiv_corr},
 number = {abs/2012.02492},
 date = {2020-12-04},
 url = {https://arxiv.org/abs/2012.02492},
 urldate = {2025-09-03},
 doi = {10.48550/arXiv.2012.02492},
 addendum = {\mbox{arXiv:2012.02492v1} \mbox{[math.NA]} \mbox{4 Dec 2020}, see also~\cite{G1991WECSSKAFPA}}
}

@article{VGOHRCBPWBvdWBWMMNJKLCPFMVLPCHQHARPvMS2020SFAFSCIP,
 author = a_virtanen_pauli # and # a_gommers_ralf # and # a_oliphant_travis_e # and # a_haberland_matt # and # a_reddy_tyler # and # a_cornapeau_david # and # a_burovski_evgeni # and # a_peterson_pearu # and # a_weckesser_warren # and # a_bright_jonathan # and # a_van_der_walt_stefan # and # a_brett_matthew # and # a_wilson_joshua # and # a_millman_jarrod_k # and # a_mayorov_nikolay # and # a_nelson_andrew_r_j # and # a_jones_eric # and # a_kern_robert # and # a_larson_eric # and # a_carey_cj # and # a_polat_ilhan # and # a_feng_yu # and # a_moore_eric_w # and # a_vanderplas_jake # and # a_laxalde_denis # and # a_perktold_josef # and # a_cimran_robert # and # a_henriksen_ian # and # a_quinter_ea # and # a_harris_charles_r # and # a_archibald_anne_m # and # a_ribeiro_antonio_h # and # a_pedregosa_fabian # and # a_van_mulbregt_paul # and # a_scipy_1,
 title = {\glslink{scipy}{SciPy}~1.0:~{F}undamental Algorithms for Scientific Computing in \glslink{python}{Python}},
 xdata = {j_nm},
 date = {2020-03-02},
 volume = {17},
 pages = {261--272},
 doi = {10.1038/s41592-019-0686-2},
 url = {http://arxiv.org/abs/1907.10121},
 urldate = {2024-06-26},
 addendum = {See also \mbox{arXiv:1907.10121v1} \mbox{[cs.MS]} \mbox{23 Jul 2019}.}
}

@techreport{Z2024DESIEWS,
 author = a_zinoviev_dimitry,
 title = {Discrete Event Simulation:~{It's} Easy with \glslink{simpy}{SimPy}!},
 xdata = {rep_arxiv_corr},
 number = {abs/2405.01562},
 date = {2024-04-03},
 url = {https://arxiv.org/abs/2405.01562},
 urldate = {2024-06-27},
 doi = {10.48550/ARXIV.2405.01562},
 addendum = {\mbox{arXiv:2405.01562v1} \mbox{[cs.MS]} \mbox{3 Apr 2024}}
}
