%%authors
@string { a_aaronson_scott = "Scott Aaronson" }
@string { a_abadi_martin = "Mart{\'i}n Abadi" }
@string { a_abba_ihechikara = "Ihechikara Abba" }
@string { a_abbasi_hameer = "Hameer Abbasi" }
@string { a_abd_elghany_marwa_m = "Marwa M.\ Abd{\nobreakdashes-}Elghany" }
@string { a_adedeji_olatunde = "Olatunde Adedeji" }
@string { a_agans_david_j = "David J.\ Agans" }
@string { a_aguirre_hernan_e = "Hern{\'{a}}n E.\ Aguirre" }
@string { a_ahmed_ibrar = "Ibrar Ahmed" }
@string { a_ali_karim = "Karim Ali" }
@string { a_altschuler_gene = "Gene Altshuler" }
@string { a_alvarez_aparicio_claudia = "Claudia {\'A}lvarez{\nobreakdashes-}Aparicio" }
@string { a_amos_david = "David Amos" }
@string { a_andersen_jakob_lykke = "Jakob Lykke Andersen" }
@string { a_andrews_michael = "Michael Andrews" }
@string { a_angeline_peter_j = "Peter J.\ Angeline" }
@string { a_angermannd_dirk = "Dirk Angermann" }
@string { a_antiga_luca = "Luca Antiga" }
@string { a_antoniou_pantelis = "Pantelis Antoniou" }
@string { a_applegate_david_lee = "David Lee Applegate" }
@string { a_arabnia_hamid_r = "Hamid R.\ Arabnia" }
@string { a_araujo_e_silva_raphael = "Raphael \githubUser{rkhaotix} {Ara{\'u}jo e Silva}" }
@string { a_archibald_anne_m = "Anne M.\ Archibald" }
@string { a_arnold_ludovic = "Ludovic Arnold" }
@string { a_aro_eemeli = "Eemeli Aro"}
@string { a_arthur_jones = "Arthur Jones" }
@string { a_ascher_david = "David Ascher" }
@string { a_aspin_adam = "Adam Aspin" }
@string { a_aspin_karine = "Karine Aspin" }
@string { a_astrahan_morton_m = "Morton M.\ Astrahan" }
@string { a_atlee_joanne_m = "Joanne M.\ Atlee" }
@string { a_auger_anne = "Anne Auger" }
@string { a_axmark_david = "David Axmark" }
@string { a_azuma_shoko = "Shoko Azuma" }
@string { a_b_jean_francois = "Jean{\nobreakdashes-}Fran{\c{c}}ois B." }
@string { a_babuska_ivo = "Ivo Babu{\v{s}}ka" }
@string { a_bachman_charles_william = "Charles William \inQuotes{Charlie} Bachman" }
@string { a_bachmann_paul_gustav_heinrich = "Paul Gustav Heinrich Bachmann" }
@string { a_back_ralph_johan = "Ralph{\nobreakdashes-}Johan Back" }
@string { a_back_thomas = "Thomas B{\"a}ck" }
@string { a_bai_junjie = "Junjie Bai" }
@string { a_bailis_peter = "Peter Bailis" }
@string { a_bainbridge_jim = "Jim Bainbridge" }
@string { a_balamurugan_s = "S.\ Balamurugan" }
@string { a_banerji_ranan_b = "Ranan B.\ Banerji" }
@string { a_bao_han = "Han Bao"}
@string { a_baran_paul = "Paul Baran" }
@string { a_baranganholo_vanessa = "Vanessa Braganholo" }
@string { a_barham_paul = "Paul Barham" }
@string { a_barker_richard = "Richard Barker" }
@string { a_barnard_iii_g_a = "G.\ A.\ {Barnard~III}" }
@string { a_barnhill_blake = "Blake Barnhill" }
@string { a_barr_earl_t = "Earl T.\ Barr" }
@string { a_barret_daniel_j = "Daniel J.\ Barrett" }
@string { a_barry_paul = "Paul Barry" }
@string { a_bartholomew_daniel = "Daniel Bartholomew" }
@string { a_bartz_beielstein_thomas = "Thomas {Bartz-Beielstein}" }
@string { a_bauer_daniel_f = "Daniel F.\ Bauer" }
@string { a_baumgartner_gary = "Gary Baumgartner" }
@string { a_beazley_david_m = "David M.\ Beazley" }
@string { a_beckmann_martin = "Martin Beckmann" }
@string { a_beckwith_laura = "Laura Beckwith" }
@string { a_bedoya_hernando = "Hernando Bedoya" }
@string { a_beguenane_rachid = "Rachid Beguenane" }
@string { a_beigel_richard = "Richard Beigel" }
@string { a_beitler_ben = "Ben Beitler" }
@string { a_belknap_peter = "Peter Belknap" }
@string { a_ben_david_shai = "Shai Ben{\nobreakdashes-}David" }
@string { a_ben_kiki_oren = "Oren Ben{\nobreakdashes-}Kiki" }
@string { a_benita_haki = "Haki Benita" }
@string { a_bentley_jon = "Jon Bentley" }
@string { a_beresniewicz_john = "John Beresniewicz" }
@string { a_berg_sebastian = "Sebastian Berg" }
@string { a_berion_robin = "Robin Berjon" }
@string { a_berman_jackie = "Jackie Berman" }
@string { a_berman_uri = "Uri Berman" }
@string { a_berners_lee_tim = "Tim Berners{\nobreakdashes-}Lee" }
@string { a_berson_alex = "Alex Berson" }
@string { a_bestgen_rob = "Rob Bestgen" }
@string { a_beuke_fabian = "Fabian Beuke" }
@string { a_beygelzimer_alina = "Alina Beygelzimer" }
@string { a_bezerra_carla_i_m = "Carla I.\ M.\ Bezerra" }
@string { a_bhaskar_k_s = "K.S.\ Bhaskar" }
@string { a_bi_xiao = "Xiao Bi"}
@string { a_birattari_mauro = "Mauro Birattari" }
@string { a_bird_christian = "Christian Bird" }
@string { a_bischl_bend = "Bernd Bischl" }
@string { a_bixby_robert_e = "Robert E.\ Bixby" }
@string { a_blackman_kenneth_ray = "Kenneth Ray Blackman" }
@string { a_blazwicz_jacek = "Jacek B{\l}a{\.z}ewicz" }
@string { a_bleaney_graham = "Graham Bleaney" }
@string { a_blin_kai = "Kai Blin" }
@string { a_bloch_joshua = "Joshua Bloch" }
@string { a_blondel_mathieu = "Mathieu Blondel" }
@string { a_boateng_bernard_obend = "Bernard Obeng Boateng" }
@string { a_boaventura_netto_paulo_oswaldo = "Paulo Oswaldo {Boaventura{-}Netto}" }
@string { a_boddy_mark_s = "Mark S.\ Boddy" }
@string { a_boehm_barry_w = "Barry W.\ Boehm" }
@string { a_boehnke_klaus = "Klaus Boehnke" }
@string { a_bommarito_ethan = "Ethan Bommarito" }
@string { a_bommarito_michael = "Michael Bommarito" }
@string { a_bonnell_jerry = "Jerry Bonnell" }
@string { a_booch_grady = "Grady Booch" }
@string { a_borenstein_yossi = "Yossi Borenstein" }
@string { a_bortz_jurgen = "J{\"u}rgen Bortz" }
@string { a_bose_cherokee = "Cherokee Boose" }
@string { a_bossek_jakob = "Jakob Bossek" }
@string { a_botros_silvia = "Silvia Botros" }
@string { a_bott_ed = "Ed Bott" }
@string { a_bottazzini_umberto = "Umberto Bottazzini" }
@string { a_boyce_raymond_f = "Raymond F.\ Boyce" }
@string { a_bradbury_james = "James Bradbury" }
@string { a_bradford_wade_w = "Bradford W.\ Wade" }
@string { a_braganholo_vanessa = "Vanessa Braganholo" }
@string { a_brandl_georg = "Georg Brandl" }
@string { a_branke_jurgen = "J{\"u}rgen Branke" }
@string { a_brasfield_laurence_c = "Laurence C.\ Brasfield" }
@string { a_brash_ron = "Ron Brash" }
@string { a_brass_stefan = "Stefan Brass" }
@string { a_bray_tim = "Tim Bray" }
@string { a_brent_richard_p = "Richard P.\ Brent" }
@string { a_brett_matthew = "Matthew Brett" }
@string { a_bright_jonathan = "Jonathan Bright" }
@string { a_broomall_john_m = "John M.\ Broomall" }
@string { a_brown_alvin = "Alvin Brown" }
@string { a_brown_ronald_h = "Ronald H.\ Brown" }
@string { a_broy_manfred = "Manfred Broy" }
@string { a_broytman_oleg = "Oleg Broytman" }
@string { a_brucher_matthieu = "Matthieu Brucher" }
@string { a_bruhin_florian = "Florian Bruhin" }
@string { a_brumm_ben = "Ben Brumm" }
@string { a_bruneau_pierrix = "Pierrick Bruneau" }
@string { a_bucher_brand = "Brandt Bucher" }
@string { a_burkard_rainer_e = "Rainer E.\ Burkard" }
@string { a_burke_shaun = "Shaun Burke" }
@string { a_burnay_corentin = "Corentin Burnay" }
@string { a_burnett_magaret_m = "Margaret M.\ Burnett" }
@string { a_burns_thomas = "Thomas Burns" }
@string { a_burovski_evgeni = "Evgeni Burovski" }
@string { a_burrows_james_h = "James H.\ Burrows" }
@string { a_butterweck_john = "John Butterweck" }
@string { a_byrnes_robert_g = "Robert G.\ Byrnes" }
@string { a_cafarella_michael = "Michael Cafarella" }
@string { a_cai_j_l = "J.\ L.\ Cai"}
@string { a_cain_mike = "Mike Cain" }
@string { a_campazas_vega_adrian = "Adri{\'a}n {Campazas Vega}" }
@string { a_canady_rudd_h = "Rudd H.\ Canaday" }
@string { a_cannon_brett = "Brett Cannon" }
@string { a_cannon_jason = "Jason Cannon" }
@string { a_cardinalby = "Cardinal~(\githubUser{cardinalby})" }
@string { a_carey_cj = "CJ Carey" }
@string { a_carlis_john_vincent = "John Vincent Carlis" }
@string { a_carlson_stephan_c = "Stephan C.\ Carlson" }
@string { a_carmel_erran = "Erran Carmel" }
@string { a_carvalho_pinto_eduardo = "Eduardo {Carvalho Pinto}" }
@string { a_castellan_jr_n_john = "N.\ John {Castellan~Jr.}" }
@string { a_castro_oscar = "Oscar Castro" }
@string { a_castro_santiago = "Santiago \githubUser{bryant1410} Castro" }
@string { a_cela_eranda = "Eranda {\c{C}}ela" }
@string { a_centers_josh = "Josh Centers" }
@string { a_cerny_vladimir = "Vladim{\'i}r {\v{C}}ern{\'{y}}" }
@string { a_chabini_noureddine = "Noureddine Chabini" }
@string { a_chamberlin_donald_d = "Donald D.\ Chamberlin" }
@string { a_chan_lois_mai = "Lois Mai Chan" }
@string { a_chanan_gregory = "Gregory Chanan" }
@string { a_chandrasekaran_sowmya = "Sowmya Chandrasekaran" }
@string { a_chang_philip_yen_tang = "Philip Yen{\nobreakdashes-}Tang Chang" }
@string { a_chapman_eric = "Eric Chapman" }
@string { a_chen_bo = "Bo Chen" }
@string { a_chen_boqi = "Boqi Chen" }
@string { a_chen_deli = "Deli Chen"}
@string { a_chen_guanting = "Guanting Chen"}
@string { a_chen_jiayang = "Jiayang Chen~(陈嘉阳)" }
@string { a_chen_jianmin = "Jianmin Chen" }
@string { a_chen_jin = "Jin Chen"}
@string { a_chen_jingchang = "Jingchang Chen"}
@string { a_chen_peter_pin_shan = "Peter Pin{\nobreakdashes-}Shan Chen" }
@string { a_chen_qinyu = "Qinyu Chen"}
@string { a_chen_r_j = "R.\ J.\ Chen"}
@string { a_chen_ruyi = "Ruyi Chen"}
@string { a_chen_shanhuang = "Shanhuang Chen"}
@string { a_chen_wenxiang = "Wenxiang {Chen~(陈文祥)}" }
@string { a_chen_yan = "Yan {Chen~(陈岩)}" }
@string { a_chen_zhifeng = "Zhifeng Chen" }
@string { a_cheshire_stuart = "Stuart Cheshire" }
@string { a_chilamkurthy_sasank = "Sasank Chilamkurthy" }
@string { a_chintala_soumith = "Soumith Chintala" }
@string { a_chiong_raymond = "Raymond Chiong" }
@string { a_chisan_james = "James Chisan" }
@string { a_cho_junghoo = "Junghoo \inQuotes{John} Cho" }
@string { a_chong_raul_f = "Raul F.\ Chong" }
@string { a_chopra_swati = "Swati Chopra" }
@string { a_chou_eric = "Eric Chou" }
@string { a_choudhury_aakash = "Aakash Choudhury" }
@string { a_choudhury_arjav = "Arjav Choudhury" }
@string { a_chvatal_vasek = "Va{\v{s}}ek Chv{\'a}tal" }
@string { a_cimran_robert = "Robert Cimrman" }
@string { a_clinton_david = "David Clinton" }
@string { a_codd_edgar_frank = "Edgar Frank \inQuotes{Ted} Codd" }
@string { a_coding_gears = "{Coding Gears}" }
@string { a_coghlan_alyssa = "Alyssa Coghlan" }
@string { a_cole_timothy_w = "Timothy W.\ Cole" }
@string { a_colley_lucas = "Lucas \githubUser{lucascolley} Colley" }
@string { a_colorni_alberto = "Alberto Colorni" }
@string { a_conway_john_horton = "John Horton Conway" }
@string { a_cook_curtis_r = "Curtis R.\ Cook" }
@string { a_cook_ken = "Ken Cook" }
@string { a_cook_stephen_arthur = "Stephen Arthur Cook" }
@string { a_cook_william_john = "William John Cook" }
@string { a_corbato_fernando_j = "Fernando J.\ Corbat{\'o}" }
@string { a_cormen_thomas_h = "Thomas H.\ Cormen" }
@string { a_cornapeau_david = "David Cournapeau" }
@string { a_coronel_carlos = "Carlos Coronel" }
@string { a_cotta_carlos = "Carlos Cotta" }
@string { a_crandall_richard = "Richard Crandall" }
@string { a_craver_scott_a = "Scott A.\ Craver" }
@string { a_creasy_r_j = "R.\ J.\ Creasy" }
@string { a_crespo_martinez_ignacio_samuel = "Ignacio Samuel Crespo{\nobreakdashes-}Mart{\'i}nez" }
@string { a_crossley_john_newsome = "John Newsome Crossley" }
@string { a_cruikshank_dan = "Dan Cruikshank" }
@string { a_cullen_christopher = "Christopher Cullen" }
@string { a_d_alche_buc_florence = "Florence d'Alch{\'e}{\nobreakdashes-}Buc" }
@string { a_da_veiga_leprevost_felipe = "Felipe {da Veiga Leprevost}" }
@string { a_dageville_benoit = "Beno{\^i}t Dageville" }
@string { a_dahlstrom_erik = "Erik Dahlstr{\"o}m" }
@string { a_dai_damai = "Damai Dai"}
@string { a_dai_fucong = "Fucong Dai"}
@string { a_dale_darren = "Darren Dale" }
@string { a_daley_robert_c = "Robert C.\ Daley" }
@string { a_dalpiaz_fabiano = "Fabiano Dalpiaz" }
@string { a_damian_daniela_e = "Daniela E.\ Damian" }
@string { a_dang_michael = "Michael Dang" }
@string { a_date_christopher_j = "Christopher J.\ Date" }
@string { a_dauben_joseph_w = "Joseph W.\ Dauben" }
@string { a_david_matt = "Matt David" }
@string { a_davies_donald_w = "Donald W.\ Davies" }
@string { a_davis_alan_m = "Alan M.\ Davis" }
@string { a_davis_andy = "Andy Davis" }
@string { a_de_abreu_nair_maria_maia = "Nair Maria Maia {de Abreu}" }
@string { a_de_jong_kenneth_alan = "Kenneth Alan {De Jong}" }
@string { a_de_man_jozef = "Jozef {De Man}" }
@string { a_dean_jeffrey = "Jeffrey Dean" }
@string { a_dean_jr_albert_l = "Albert L.\ {Dean~Jr.}" }
@string { a_dean_thomas_l = "Thomas L.\ Dean" }
@string { a_deitel_abbey = "Abbey Deitel" }
@string { a_deitel_harvey = "Harvey Deitel" }
@string { a_deitel_paul = "Paul Deitel" }
@string { a_denert_ernst = "Ernst Denert" }
@string { a_deng_chengqi = "Chengqi Deng"}
@string { a_dengler_patrick = "Patrick Dengler" }
@string { a_dennison_justing = "Justin Dennison" }
@string { a_denton_jim = "Jim Denton" }
@string { a_desmaison_alban = "Alban Desmaison" }
@string { a_devin_metthieu = "Matthieu Devin" }
@string { a_devito_zachary = "Zachary {DeVito}" }
@string { a_deza_alfredo = "Alfredo Deza" }
@string { a_di_gregorio_federico = "Federico \githubUser{fogzot} {Di Gregorio}" }
@string { a_dias_karl = "Karl Dias" }
@string { a_dimitrovic_slobodan = "Slobodan Dmitrovi{\'c}" }
@string { a_ding_honghui = "Honghui Ding"}
@string { a_djellouli_adam = "Adam \githubUser{djeada} Djellouli" }
@string { a_doerr_benjamin = "Benjamin Doerr" }
@string { a_doerr_carola = "Carola Doerr" }
@string { a_domschke_wolfgang = "Wolfgang Domschke" }
@string { a_dong_kai = "Kai Dong"}
@string { a_doozandeh_pooyan = "Pooyan Doozandeh" }
@string { a_dorigo_marco = "Marco Dorigo" }
@string { a_dot_net_ingy = "Ingy {d{\"o}t~Net}" }
@string { a_dowon = "Dowon \githubUser{akahard2dj}" }
@string { a_doyle_navara_erika = "Erika {Doyle Navara}" }
@string { a_drissi_mehdi = "Mehdi \githubUser{hmc-cs-mdrissi} Drissi" }
@string { a_droettboom_michael = "Michael Droettboom" }
@string { a_droste_stefan = "Stefan Droste" }
@string { a_du_ding_zhu = "Ding{-}Zhu Du" }
@string { a_du_qiushi = "Qiushi Du"}
@string { a_dubourg_vincent = "Vincent Dubourg" }
@string { a_duchesnay_edouard = "Edouard Duchesnay" }
@string { a_dunn_olive_jean = "Olive Jean Dunn" }
@string { a_duplys_paul = "Paul Duplys" }
@string { a_dutka_jacques = "Jacques Dutka" }
@string { a_dutta_sandip = "Sandip Dutta" }
@string { a_dyer_russel_j_t = "Russell J.T.\ Dyer" }
@string { a_eastlake_donald_e_3 = "Donald E.\ Eastlake~3rd" }
@string { a_ebel_franziska = "Franziska Ebel" }
@string { a_eberhart_russel_c = "Russell C.\ \inQuotes{Russ} Eberhart" }
@string { a_ebert_christof = "Christof Ebert" }
@string { a_eby_phillip_j = "Phillip J.\ Eby" }
@string { a_edgington_eugene_s = "Eugene S.\ Edgington" }
@string { a_editors_of_encyclopaedia_britannica = "{The Editors of Encyclopaedia Britannica}" }
@string { a_editors_of_merriam_webster = "{Editors of Merriam\nobreakdashes-Webster}" }
@string { a_edwards_jeri = "Jeri Edwards" }
@string { a_eftimov_tome = "Tome Eftimov" }
@string { a_eglen_stephen_j = "Stephen J.\ Eglen" }
@string { a_eickler_andre = "Andr{\'e} Eickler" }
@string { a_el_gayar_omar_f = "Omar F.\ El{\nobreakdashes-}Gayar" }
@string { a_elleithy_khale_m = "Khaled M.\ Elleithy" }
@string { a_elmasri_ramez = "Ramez Elmasri" }
@string { a_epperson_james_f = "James F.\ Epperson" }
@string { a_erickson_jason = "Jason \githubUser{jerickso} Erickson" }
@string { a_erwig_martin = "Martin Erwig" }
@string { a_espanha_nicole = "Nicole Espanha" }
@string { a_eswaran_kapali_p = "Kapali P.\ Eswaran" }
@string { a_euclid = "{{Euclid of Alexandria}~{(\ensuremath{E{\acute\upsilon}\kappa\lambda\varepsilon{\acute\iota}\delta\eta\varsigma})}}" }
@string { a_euler_leonhard = "Leonhard Euler" }
@string { a_evans_clark_c = "Clark C.\ Evans" }
@string { a_everest_gordon_c = "Gordon C.\ Everest" }
@string { a_fan_thomas_j = "Thomas J.\ \githubUser{thomasjpfan} Fan" }
@string { a_fang_lu = "Lu Fang" }
@string { a_fanning_steve = "Steve Fanning" }
@string { a_faulkner_stephane = "St{\'e}phane Faulkner" }
@string { a_faulkner_steve = "Steve Faulkner" }
@string { a_fee_greg = "Greg Fee" }
@string { a_fein_louis = "Louis Fein" }
@string { a_feldt_robert = "Robert Feldt" }
@string { a_feng_bei = "Bei Feng"}
@string { a_feng_yu = "Yu Feng" }
@string { a_fernandez_del_rio_jaime = "Jaime {Fern{\'a}ndez del R{\'i}o}" }
@string { a_fernandez_llamas_camino = "Camino {Fern{\'a}ndez Llamas}" }
@string { a_ferraiolo_jon = "Jon Ferraiolo" }
@string { a_ferrari_luca = "Luca Ferrari" }
@string { a_fielding_roy_t = "Roy T.\ Fielding" }
@string { a_figgins_stephen = "Stephen Figgins" }
@string { a_filaseta_michael = "Michael Filaseta" }
@string { a_filipe_joaquim = "Joaquim Filipe" }
@string { a_finck_steffen = "Steffen Finck" }
@string { a_finucane_stephen = "Stephen Finucane" }
@string { a_firing_eric = "Eric Firing" }
@string { a_fischbach_andreas = "Andreas Fischbach" }
@string { a_fischer_eric = "Eric Fischer" }
@string { a_fisher_joseph_allen = "Joseph Allen Fisher" }
@string { a_fisher_ken = "Ken Fisher" }
@string { a_fisher_sir_ronald_aymler = "{Sir} Ronald Aylmer Fisher" }
@string { a_fitzpatrick_richard = "Richard Fitzpatrick" }
@string { a_flannery_brian_p = "Brian P.\ Flannery" }
@string { a_fleming_philip_j = "Philip J.\ Fleming" }
@string { a_flight_robert_m = "Robert M.\ Flight" }
@string { a_floudas_christodoulos_a = "Christodoulos A.\ Floudas" }
@string { a_floyd_christiane = "Christiane Floyd" }
@string { a_flywire = "\githubUser{flywire}" }
@string { a_fogel_david_b = "David B.\ Fogel" }
@string { a_fong_elizabeth_n = "Elizabeth N.\ Fong" }
@string { a_foote_keith_d = "Keith D.\ Foote" }
@string { a_ford_neal = "Neal Ford" }
@string { a_fowler_david = "David Fowler" }
@string { a_fowler_julian = "Julian Fowler" }
@string { a_fox_emily_b = "Emily B.\ Fox" }
@string { a_fox_martin = "Martin Fox" }
@string { a_frank_randall_l = "Randall L.\ Frank" }
@string { a_frechette_alexander = "Alexandre Fr{\'e}chette" }
@string { a_freitag_francois = "Fran{\c{c}}ois Freitag" }
@string { a_froehlich_kristin = "Kristin Froehlich" }
@string { a_frye_curtis = "Curtis Frye" }
@string { a_frystyk_nielson_henrik = "Henrik {Frystyk Nielsen}" }
@string { a_fufezan_christian = "Christian Fufezan" }
@string { a_fujita_toru = "Toru Fujita" }
@string { a_gaffney_kevin_p = "Kevin P.\ Gaffney" }
@string { a_gam_randolph = "Randolph Gam" }
@string { a_gamalielsson_jonas = "Jonas Gamalielsson" }
@string { a_gao_huazuo = "Huazuo Gao"}
@string { a_gao_kaige = "Kaige Gao"}
@string { a_gao_ziyi = "Ziyi Gao"}
@string { a_garcia_alessandro_f = "Alessandro F.\ Garcia" }
@string { a_garcia_molina_hector = "Hector Garcia{\nobreakdashes-}Molina" }
@string { a_gardner_brian = "Brian Gardner" }
@string { a_garnett_roman = "Roman Garnett" }
@string { a_gatto_laurent = "Laurent Gatto" }
@string { a_gaur_aakanksha = "Aakanksha Gaur" }
@string { a_gawade_bhavesh = "Bhavesh Gawade" }
@string { a_ge_ruiqi = "Ruiqi Ge"}
@string { a_gehrke_johannes = "Johannes Gehrke" }
@string { a_gelatt_jr_c_daniel = "C.\ Daniel {Gelatt, Jr.}" }
@string { a_george_joey_f = "Joey F.\ George" }
@string { a_gerard_marchant_pierre = "Pierre G{\'e}rard{\nobreakdashes-}Marchant" }
@string { a_gerosa_marco_aurelio = "Marco Aur{\'e}lio Gerosa" }
@string { a_gerstl_sebastian = "Sebastian Gerstl" }
@string { a_gertz_michael = "Michael Gertz" }
@string { a_gettys_jim = "Jim Gettys" }
@string { a_gewd = "\href{https://softwareengineering.stackexchange.com/users/74944}{GWed}" }
@string { a_ghemawat_sanjay = "Sanjay Ghemawat" }
@string { a_gift_noah = "Noah Gift" }
@string { a_gimelshein_natalia = "Natalia Gimelshein" }
@string { a_github_staff = "{\glslink{github}{GitHub}~Staff}" }
@string { a_gjorcheski_stojanche = "Stojanche Gjorcheski" }
@string { a_goff_dianne_lynne = "Diane Lynne Goff" }
@string { a_gogolla_martin = "Martin Gogolla" }
@string { a_gohlke_christoph = "Christoph Gohlke" }
@string { a_gold_adam = "Adam Gold" }
@string { a_goldberg_david_edward = "David Edward Goldberg" }
@string { a_goldfine_alan = "Alan Goldfine" }
@string { a_gommers_ralf = "Ralf Gommers" }
@string { a_gonzalez_benjamin = "Benjamin Gonzalez" }
@string { a_gonzalez_teofilo = "Teofilo Gonzalez" }
@string { a_gonzalez_torres_raul_e = "Raul E.\ {Gonzalez Torres}" }
@string { a_good_mary_l = "Mary L.\ Good" }
@string { a_goodger_david = "David Goodger" }
@string { a_goodin_dan = "Dan Goodin" }
@string { a_goodrich_michael_t = "Michael T.\ Goodrich" }
@string { a_goodwin_michael = "Michael Goodwin" }
@string { a_gorski_olaf = "Olaf G{\'o}rski" }
@string { a_gou_zhibin = "Zhibin Gou"}
@string { a_graf_florian = "Florian Graf" }
@string { a_graham_ronald_lewis = "Ronald Lewis Graham" }
@string { a_gramfort_alexandre = "Alexandre Gramfort" }
@string { a_grasso_anthony = "Anthony Grasso" }
@string { a_graves_stephen_c = "Stephen C.\ Graves" }
@string { a_gray_jim = "Jim Gray" }
@string { a_green_todd_j = "Todd J.\ Green" }
@string { a_gregersen_erik = "Erik Gregersen" }
@string { a_grendell_lina = "Linda Grandell" }
@string { a_griffin_aaron = "Aaron Griffin" }
@string { a_griffiths_dawn = "Dawn Griffiths" }
@string { a_griffiths_patricia_p = "Patricia P.\ Griffiths" }
@string { a_grigorik_ilya = "Ilya Grigorik" }
@string { a_grisel_olivier = "Olivier Grisel" }
@string { a_griswold_william_g = "William G.\ Griswold" }
@string { a_gross_sam = "Sam Gross" }
@string { a_grosskopf_robert = "Robert Gro{\ss}kopf" }
@string { a_grubbs_frank_e = "Frank E.\ Grubbs" }
@string { a_grun_christian = "Christian Gr{\"u}n" }
@string { a_grunbacher_paul = "Paul Gr{\"u}nbacher" }
@string { a_grus_joel = "Joel Grus" }
@string { a_gruter_lars = "Lars \githubUser{lagru} Gr{\"u}ter" }
@string { a_grys_slawomir = "S{\l}awomir Gry{\'s}" }
@string { a_guan_kang = "Kang Guan"}
@string { a_guerrero_higueras_angel_manuel = "{\'A}ngel Manuel Guerrero{\nobreakdashes-}Higueras" }
@string { a_gundalll_michael = "Michael Gundall" }
@string { a_guo_daya = "Daya Guo"}
@string { a_guo_jianzhong = "Jianzhong Guo"}
@string { a_gupta_pranshu = "Pranshu Gupta" }
@string { a_gutin_gregory_z = "Gregory Z.\ Gutin" }
@string { a_gygax_lorenz = "Lorenz Gygax" }
@string { a_haberland_matt = "Matt \githubUser{mdhaber} Haberland" }
@string { a_haderle_donald_j = "Donald J.\ Haderle" }
@string { a_hahn_peter_m = "Peter M.\ Hahn" }
@string { a_haigh_thomas = "Thomas Haigh" }
@string { a_haldane_allan = "Allan Haldane" }
@string { a_hallot_olivier = "Olivier Hallot" }
@string { a_halpin_terry = "Terry Halpin" }
@string { a_hammoud_mohammad = "Mohammad Hammoud" }
@string { a_hammouda_imed = "Imed Hammouda" }
@string { a_han_myung_ja_k = "Myung{\nobreakdashes-}Ja K.\ Han" }
@string { a_hance_jared = "Jared Hance" }
@string { a_hansen_nikolaus = "Nikolaus Hansen" }
@string { a_hao_guangbo = "Guangbo Hao"}
@string { a_harkey_dan = "Dan Harkey" }
@string { a_harrington_jan_l = "Jan L.\ Harrington" }
@string { a_harris_charles_r = "Charles R.\ Harris" }
@string { a_harrison_michael_a = "Michael A.\ Harrison" }
@string { a_harrison_r_d = "R.D.\ Harrison" }
@string { a_hastings_larry = "Larry Hastings" }
@string { a_haumer_peter = "Peter Haumer" }
@string { a_hausenblas_michael = "Michael Hausenblas" }
@string { a_heap_danny = "Danny Heap" }
@string { a_heiberg_johan_ludvig = "Johan Ludvig Heiberg" }
@string { a_heide_lars = "Lars Heide" }
@string { a_hellerstein_joseph_m = "Joseph M.\ Hellerstein" }
@string { a_hellwig_j_d = "J.\ D.\ Hellwig" }
@string { a_helmes_christian = "Christian Heimes" }
@string { a_helmke_matthew = "Matthew Helmke" }
@string { a_henriksen_ian = "Ian Henriksen" }
@string { a_herbsleb_james_d = "James D.\ Herbsleb" }
@string { a_hernandez_michael_j = "Michael J.\ Hernandez" }
@string { a_hetland_magnus_lie = "Magnus Lie Hetland" }
@string { a_hettinger_raymond = "Raymond Hettinger" }
@string { a_hickey_ann_m = "Ann M.\ Hickey" }
@string { a_hickson_ian = "Ian Hickson" }
@string { a_hilton_balfe_james = "James Hilton{\nobreakdashes-}Balfe" }
@string { a_hinneburg_alexander = "Alexander Hinneburg" }
@string { a_hipp_d_richard = "D.~Richard Hipp" }
@string { a_hoffer_jeffrey_a = "Jeffrey A.\ Hoffer" }
@string { a_hoffmann_manuel = "Manuel Hoffmann" }
@string { a_hollander_myles = "Myles Hollander" }
@string { a_hollasch_steve = "Steve Hollasch" }
@string { a_hollerith_herman = "Herman Hollerith" }
@string { a_holupirek_alexander = "Alexander Holupirek" }
@string { a_hoos_holger_h = "Holger H.\ Hoos" }
@string { a_hopkins_bill = "Bill Hopkins" }
@string { a_horkoff_jennifer = "Jennifer Horkoff" }
@string { a_hosch_william_l = "William L.\ Hosch" }
@string { a_howarth_david_j = "David J.\ Howarth" }
@string { a_hoyer_stephan = "Stephan Hoyer" }
@string { a_hsu_leo_s = "Leo S.\ Hsu" }
@string { a_hu_kai = "Kai Hu"}
@string { a_huang_kexin = "Kexin Huang"}
@string { a_huang_panpan = "Panpan Huang"}
@string { a_hubbard_steve = "Steve Hubbard" }
@string { a_hug_nicolas = "Nicolas \githubUser{NicolasHug} Hug" }
@string { a_hunner_trey = "Trey Hunner" }
@string { a_hunt_john = "John Hunt" }
@string { a_hunter_john_d = "John D.\ Hunter" }
@string { a_hutter_frank = "Frank Hutter" }
@string { a_ingeno_joseph = "Joseph Ingeno" }
@string { a_irving_geoffrey = "Geoffrey Irving" }
@string { a_isard_michael = "Michael Isard" }
@string { a_israel_jay_e = "Jay E.\ Israel" }
@string { a_ito_ysuaki = "Yasuaki Ito" }
@string { a_ivie_eval_l = "Evan L.\ Ivie" }
@string { a_jaakkola_hannu = "Hannu Jaakkola" }
@string { a_jackson_dean = "Dean Jackson" }
@string { a_jacobs_dean = "Dean Jacobs" }
@string { a_jacobson_ivar = "Ivar Jacobson" }
@string { a_jain_parul = "Parul Jain" }
@string { a_jain_shantanu = "Shantanu Jain" }
@string { a_james_mike = "Mike James" }
@string { a_jansen_paul = "Paul Jansen" }
@string { a_jansen_thomas = "Thomas Jansen" }
@string { a_jarke_matthias = "Matthias Jarke" }
@string { a_jaskolka_jason = "Jason Jaskolka" }
@string { a_jebalia_mohamed = "Mohamed Jebalia" }
@string { a_jefferson_david = "David Jefferson" }
@string { a_jensen_christian_s = "Christian S.\ Jensen" }
@string { a_jensen_drew = "Drew Jensen" }
@string { a_jewet_jim_j = "Jim J.\ Jewett" }
@string { a_ji_dongjie = "Dongjie Ji"}
@string { a_jin_r_l = "R.\ L.\ Jin"}
@string { a_joh_sangwoo = "Sangwoo Joh" }
@string { a_johansson_robert = "Robert Johansson" }
@string { a_johnson_stephen_curtis = "Stephen Curtis Johnson" }
@string { a_jones_eric = "Eric Jones" }
@string { a_josey_andrew = "Andrew Josey" }
@string { a_jun_fujisawa = "Jun Fujisawa" }
@string { a_jureta_ivan = "Ivan Jureta" }
@string { a_juristo_juzgado_natalia = "Natalia {Juristo Juzgado}" }
@string { a_kahan_william = "William Kahan" }
@string { a_kane_sean_p = "Sean P.\ Kane" }
@string { a_karp_richard_manning = "Richard \inQuotes{Dick} Manning Karp" }
@string { a_karwin_bill = "Bill Karwin" }
@string { a_kathiravelu_pradeeban = "Pradeeban Kathiravelu" }
@string { a_katz_daniel_s = "Daniel S.\ Katz" }
@string { a_kazawa_hideto = "Hideto Kazawa" }
@string { a_kbob = "\href{https://stackoverflow.com/users/899856}{Kbob}" }
@string { a_keeton_kimberly = "Kimberly Keeton" }
@string { a_kempe_shannon = "Shannon Kempe" }
@string { a_kemper_alfons = "Alfons Kemper" }
@string { a_kennedy_dan_r = "Dan R.\ Kennedy" }
@string { a_kent_william = "William (Bill) Kent" }
@string { a_kern_robert = "Robert Kern" }
@string { a_kerr_douglas_s = "Douglas S.\ Kerr" }
@string { a_kerschberg_larry = "Larry Kerschberg" }
@string { a_kerschke_pascal = "Pascal Kerschke" }
@string { a_khan_faizan = "Faizan Khan" }
@string { a_kilburn_tom = "Tom Kilburn" }
@string { a_killeen_trevor = "Trevor Killeen" }
@string { a_kim_sujin = "Sujin Kim" }
@string { a_kim_won = "Won Kim" }
@string { a_kim_youil = "Youil Kim" }
@string { a_kirasanov_dmitry = "Dmitry Kirsanov" }
@string { a_kirkpatrick_scott = "Scott Kirkpatrick" }
@string { a_kissinger_cory = "Cory Kissinger" }
@string { a_kiyoki_yasushi = "Yasushi Kiyoki" }
@string { a_klein_andreas = "Andreas Klein" }
@string { a_klein_barbara = "Barbara Klein" }
@string { a_klein_bernd = "Bernd Klein" }
@string { a_kleinrock_leonard = "Leonard Kleinrock" }
@string { a_klopf_andreas = "Andreas K{\"o}pf" }
@string { a_klug_anthony = "Anthony Klug" }
@string { a_knobel_leah = "Leah Knobel" }
@string { a_knox_richard = "Richard Knox" }
@string { a_knuth_donald_ervin = "Donald Ervin Knuth" }
@string { a_kodes_katie = "Katie Kodes" }
@string { a_kohn_tobias = "Tobias Kohn" }
@string { a_kolodziej_joanna = "Joanna Kolodziej" }
@string { a_komiya_takeshi = "Takeshi Komiya" }
@string { a_konig_patricia = "Patricia Konig" }
@string { a_konovalov_alexander = "Alexander Konovalov" }
@string { a_koopmans_tjalling_c = "Tjalling C.\ Koopmans" }
@string { a_korn_l_k = "L.\ K.\ Korn" }
@string { a_korth_henry_f = "Henry F.\ \inQuotes{Hank} Korth" }
@string { a_kosheleva_olga = "Olga Kosheleva" }
@string { a_kotthoff_lars = "Lars Kotthoff" }
@string { a_kozelek_petr = "Petr Kozelek" }
@string { a_kraska_tim = "Tim Kraska" }
@string { a_krekel_holger = "Holger Krekel" }
@string { a_krishna_pulkit = "Pulkit Krishna" }
@string { a_krochmal_marc = "Marc Krochmal" }
@string { a_krueger_richard = "Richard Krueger" }
@string { a_kuchling_andrew_m = "Andrew M.\ Kuchling" }
@string { a_kudlur_manjunath = "Manjunath Kudlur" }
@string { a_kudo_taku = "Taku Kudo" }
@string { a_kuhn_darl = "Darl Kuhn" }
@string { a_kumar_animesh = "Animesh Kumar" }
@string { a_kurako_e_a = "E.\ A.\ Kurako" }
@string { a_kurose_james_f = "James F.\ Kurose" }
@string { a_kyte_thomas = "Thomas Kyte" }
@string { a_la_cava_william = "William {La Cava}" }
@string { a_lacroix_jay = "Jay LaCroix" }
@string { a_lambert_joan = "Joan Lambert" }
@string { a_landau_charles = "Charles Landau" }
@string { a_landau_edmund = "Edmund Landau" }
@string { a_langa_lukasz = "{\L}ukasz Langa" }
@string { a_lange_jost = "Jost Lange" }
@string { a_lanyi_moira_mcfadden = "Moira McFadden Lanyi" }
@string { a_larochelle_hugo = "Hugo Larochelle" }
@string { a_larson_eric = "Eric Larson" }
@string { a_lassig_jorg = "J{\"o}rg L{\"a}ssig" }
@string { a_laufer_konstantin = "Konstantin L{\"a}ufer" }
@string { a_lawler_eugene_leighhton = "Eugene Leighton Lawler" }
@string { a_laxalde_denis = "Denis Laxalde" }
@string { a_leavens_gary_t = "Gary T.\ Leavens" }
@string { a_leclerc_jean_philippe = "Jean{\nobreakdashes-}Philippe \href{https://softwareengineering.stackexchange.com/users/38802}{Leclerc}" }
@string { a_ledure_jean_pierre = "Jean{\nobreakdashes-}Pierre Ledure" }
@string { a_lee_kent_d = "Kent D.\ Lee" }
@string { a_lee_michael = "Michael Lee" }
@string { a_lehtosalo_jukka = "Jukka Lehtosalo" }
@string { a_leiserson_charles_e = "Charles E.\ Leiserson" }
@string { a_leithead_travis = "Travis Leithead" }
@string { a_lemaitre_guillaume = "Guillaume \githubUser{glemaitre} Lemaitre" }
@string { a_lemburg_marc_andre = "Marc{\nobreakdashes-}Andr{\'e} Lemburg" }
@string { a_lenstra_jan_karel = "Jan Karel Lenstra" }
@string { a_lenz_moritz = "Moritz Lenz" }
@string { a_lerer_adam = "Adam Lerer" }
@string { a_lerner_reuven_m = "Reuven M.\ Lerner" }
@string { a_leuck_daniel = "Daniel Leuck" }
@string { a_levenberg_josh = "Josh Levenberg" }
@string { a_levkivskyi_ivan = "Ivan Levkivskyi" }
@string { a_lewis_dan = "Dan Lewis" }
@string { a_leyton_brown_kevin = "Kevin {Leyton-Brown}" }
@string { a_lheureux_francois_michel = "Fran{\c{c}}ois{\nobreakdashes-}Michel \githubUser{FinchPowers} L'Heureux" }
@string { a_li_bin = "Bin {Li~(李斌)}" }
@string { a_li_erhang = "Erhang Li"}
@string { a_li_guowei = "Guowei Li"}
@string { a_li_hui = "Hui Li"}
@string { a_li_jiashi = "Jiashi Li"}
@string { a_li_junlong = "Junlong Li"}
@string { a_li_meng = "Meng Li"}
@string { a_li_mingming = "Mingming Li"}
@string { a_li_s_s = "S.\ S.\ Li"}
@string { a_li_xiaodong = "Xiaodong Li" }
@string { a_li_xinlu = "Xinlu {Li~(李新路)}" }
@string { a_li_zhuoshu = "Zhuoshu Li"}
@string { a_liang_jian = "Jian Liang"}
@string { a_licklider_joseph_carl_robnett = "Joseph Carl Robnett \inQuotes{Lick} Licklider" }
@string { a_lienert_gustav_adolf = "Gustav Adolf Lienert" }
@string { a_lilley_chris = "Chris Lilley" }
@string { a_lima_luan_p = "Luan P.\ Lima" }
@string { a_lin_anthony = "Anthony Lin" }
@string { a_lin_fangyun = "Fangyun Lin"}
@string { a_lin_zeming = "Zeming Lin" }
@string { a_lindauer_thomas_marius = "Thomas Marius Lindauer" }
@string { a_liu_aixin = "Aixin Liu"}
@string { a_liu_yuxi = "Yuxi Liu" }
@string { a_loiola_elaine_maria = "Eliane Maria Loiola" }
@string { a_long_richard_alan = "Richard Alan Long" }
@string { a_lonvick_chris = "Chris Lonvick" }
@string { a_lopez_ibanez_manuel = "Manuel {L{\'o}pez-Ib{\'a}{\~n}ez}" }
@string { a_lorie_ramond_a = "Raymond A.\ Lorie" }
@string { a_lotha_gloria = "Gloria Lotha" }
@string { a_loton_tony = "Tony Loton" }
@string { a_love_robert = "Robert Love" }
@string { a_lownds_tony = "Tony Lownds" }
@string { a_loy_marc = "Marc Loy" }
@string { a_lu_chengda = "Chengda Lu"}
@string { a_lu_shanghao = "Shanghao Lu"}
@string { a_luce_laurent = "Laurent Luce" }
@string { a_ludascher_bertram = "Bertram Lud{\"a}scher" }
@string { a_lun_anthony_w_c = "Anthony W.{\nobreakdashes-}C.\ Lun" }
@string { a_lundell_bjorn = "Bj{\"o}rn Lundell" }
@string { a_luo_fuli = "Fuli Luo"}
@string { a_luschny_peter = "Peter Luschny" }
@string { a_lutz_mark = "Mark Lutz" }
@string { a_ma_shirong = "Shirong Ma"}
@string { a_macfarlane_stuart = "Stuart Macfarlane" }
@string { a_mack_doug = "Doug Mack" }
@string { a_madani_kurosh = "Kurosh Madani" }
@string { a_maddala_gangadharrao_soundalyarao = "Gangadharrao Soundalyarao Maddala" }
@string { a_maguire_joseph_d = "Joseph D.\ Maguire" }
@string { a_maiden_neil_a_m = "Neil A.\ M.\ Maiden" }
@string { a_malan_katherine_mary = "Katherine Mary Malan" }
@string { a_maler_eve = "Eve Maler" }
@string { a_malitsky_yuri = "Yuri Malitsky" }
@string { a_manderick_bernard = "Bernard Manderick" }
@string { a_maniezzo_vittorio = "Vittorio Maniezzo" }
@string { a_mann_henry_b = "Henry B.\ Mann" }
@string { a_mann_samuel = "Samuel Mann" }
@string { a_manner_reinhard = "Reinhard M{\"{a}}nner" }
@string { a_manolopoulus_yannis = "Yannis Manolopoulos" }
@string { a_mantha_robert_w = "Robert W.\ Mantha" }
@string { a_marcelloni_francesco = "Francesco Marcelloni" }
@string { a_mark_leo = "Leo Mark" }
@string { a_mark_s = "\href{https://dba.stackexchange.com/users/807}{marc\_s}" }
@string { a_marsh_charlie = "Charlie Marsh" }
@string { a_marshall_victoria = "Victoria Marshall" }
@string { a_marsicano_kristin = "Kristin Marsicano" }
@string { a_masinter_larry = "Larry Masinter" }
@string { a_massa_francisco = "Francisco Massa" }
@string { a_mata_toledo_ramon_a = "Ramon A.\ Mata{\nobreakdashes-}Toledo" }
@string { a_matplotlib_development_team = "{The \glslink{matplotlib}{Matplotlib} Development Team}" }
@string { a_matthes_eric = "Eric Matthes" }
@string { a_matthias_karl = "Karl Matthias" }
@string { a_matthias_meg = "Meg Matthias" }
@string { a_maxfield_clive = "Clive Maxfield" }
@string { a_maxim_bruce_r = "Bruce R.\ Maxim" }
@string { a_maximino_raquel = "Raquel Maximino" }
@string { a_maxwell_aaron = "Aaron Maxwell" }
@string { a_mayorov_nikolay = "Nikolay Mayorov" }
@string { a_mccahil_mark_p = "Mark P.\ McCahill" }
@string { a_mcconnel_steve = "Steve McConnel" }
@string { a_mccormack_cameron = "Cameron McCormack" }
@string { a_mcfadyen_ron = "Ron McFadyen" }
@string { a_mcintosh_shane = "Shane McIntosh" }
@string { a_mckinley_tom = "Tom Mckinley" }
@string { a_mckinney_wes = "Wes McKinney" }
@string { a_mclaughlin_michael = "Michael McLaughlin" }
@string { a_mdn_contributors = "{{MDN}~Contributors}" }
@string { a_mearian_lucas = "Lucas Mearian" }
@string { a_mehl_james_w = "James W.\ Mehl" }
@string { a_mehl_wolf_michael = "Wolf{\nobreakdashes-}Michael Mehl" }
@string { a_mejia_alvarez_pedro = "Pedro {Mejia Alvarez}" }
@string { a_melton_jim = "Jim Melton" }
@string { a_mendoza_mark = "Mark Mendoza" }
@string { a_merwin_daggett_majorie = "Marjorie Merwin{\nobreakdashes-}Daggett" }
@string { a_meyer_andre_n = "Andr{\'e} N.\ Meyer" }
@string { a_meyer_carl = "Carl Meyer" }
@string { a_michalewicz_zbigniew = "Zbigniew \inQuotes{Zbyszek} Michalewicz" }
@string { a_michel_vincent = "Vincent Michel" }
@string { a_mikkonen_tommi = "Tommi Mikkonen" }
@string { a_miller_cindy = "Cindy Miller" }
@string { a_miller_raymond_e = "Raymond E.\ \inQuotes{Ray} Miller" }
@string { a_millman_jarrod_k = "K.\ Jarrod Millman" }
@string { a_mirjalili_vahid = "Vahid Mirjalili" }
@string { a_mitchell_james_g = "James G.\ Mitchell" }
@string { a_mitchell_joan_s = "Joan S.\ Mitchell" }
@string { a_mitchell_melanie = "Melanie Mitchell" }
@string { a_mogul_jeffrey_c = "Jeffrey C.\ Mogul" }
@string { a_monga_rajat = "Rajat Monga" }
@string { a_monger_morgan_d = "Morgan D.\ Monger" }
@string { a_moore_eric_w = "Eric W.\ Moore" }
@string { a_moore_jason_h = "Jason Hall Moore" }
@string { a_moore_sherry = "Sherry Moore" }
@string { a_moraglio_alberto = "Alberto Moraglio" }
@string { a_moreno_ana_maria = "Ana Mar{\'i}a Moreno" }
@string { a_morgan_bryan = "Bryan Morgan" }
@string { a_morgan_tony = "Tony Morgan" }
@string { a_morrell_a_j_h = "A.J.H.\ Morrell" }
@string { a_morris_sidney_a = "Sidney A.\ Morris" }
@string { a_morris_steven = "Steven Morris" }
@string { a_moss_maggie = "Maggie Moss" }
@string { a_mouratidis_haralambos = "Haralambos Mouratidis" }
@string { a_muhlenbein_heinz = "Heinz M{\"u}hlenbein" }
@string { a_muller_tina = "Tina M{\"u}ller" }
@string { a_mullins_craig_s = "Craig S.\ Mullins" }
@string { a_murray_derek_gordon = "Derek Gordon Murray" }
@string { a_murta_leonardo = "Leonardo Murta" }
@string { a_mylopoulos_john = "John Mylopoulos" }
@string { a_mypy_contributors = "{\glslink{mypy}{Mypy}~Contributors}" }
@string { a_nagle_frank = "Frank Nagle" }
@string { a_nagy_zsolt = "Zsolt Nagy" }
@string { a_naik_ganesh = "Ganesh Naik" }
@string { a_nakano_koji = "Koji Nakano" }
@string { a_nalimov_constantine = "Constantine Nalimov" }
@string { a_narasimhan_karthik = "Karthik Narasimhan" }
@string { a_narayanan_vasudev = "Vasudev Narayanan" }
@string { a_nathan_stephen_p = "Stephen P.\ Nathan" }
@string { a_naujoks_boris = "Boris Naujoks" }
@string { a_navanthe_shamkant = "Shamkant Navathe" }
@string { a_nayrat_adrien = "Adrien \githubUser{anayrat} Nayrat" }
@string { a_negus_christopher = "Christopher Negus" }
@string { a_nelson_andrew_r_j = "Andrew R.\ J.\ Nelson" }
@string { a_nelson_catherine = "Catherine Nelson" }
@string { a_nemiroff_robert = "Robert Nemiroff" }
@string { a_neumaier_arnold = "Arnold Neumaier" }
@string { a_neumann_peter_g = "Peter G.\ Neumann" }
@string { a_newham_cameron = "Cameron Newham" }
@string { a_nguyen_quan = "Quan Nguyen" }
@string { a_ni_jiaqi = "Jiaqi Ni"}
@string { a_nield_thomas = "Thomas Nield" }
@string { a_niemeyer_patrick = "Patrick Niemeyer" }
@string { a_nijssen_siegfried = "Siegfried Nijssen" }
@string { a_niu_li = "Li {Niu~(牛力)}" }
@string { a_niven_ivan = "Ivan Niven" }
@string { a_nolan_beatrice = "Beatrice Nolan" }
@string { a_norvig_peter = "Peter Norvig" }
@string { a_nothman_joel = "Joel \githubUser{jnothman} Nothman" }
@string { a_nottingham_mark = "Mark Nottingham" }
@string { a_numpy_team = "{\glslink{numpy}{NumPy}~Team}" }
@string { a_nuseibeh_bashar = "Bashar Nuseibeh" }
@string { a_obe_regina_o = "Regina O.\ Obe" }
@string { a_oconnor_john_j = "John J.\ O'Connor" }
@string { a_oconnor_theresa = "Theresa O'Connor" }
@string { a_okane_kevin_c = "Kevin C.\ O'Kane" }
@string { a_okken_brian = "Brian Okken" }
@string { a_oliphant_travis_e = "Travis E.\ Oliphant" }
@string { a_olukoya_oluwafemi = "Oluwafemi Olukoya" }
@string { a_orenstein_richard_h = "Richard H.\ Orenstein" }
@string { a_orfali_robert = "Robert Orfali" }
@string { a_orlov_v_l = "V.\ L.\ Orlov" }
@string { a_ortega_cisneros_susana = "Susana {Ortega Cisneros}" }
@string { a_orzechowski_patryk = "Patryk Orzechowski" }
@string { a_ospanova_ademi_b = "Ademi B.\ Ospanova" }
@string { a_pacchiarini_simona = "Simona Pacchiarini" }
@string { a_painter_wakefield_christopher = "Christopher Painter{\nobreakdashes-}Wakefield" }
@string { a_paiva_camila_a = "Camila A.\ Paiva" }
@string { a_paiva_frederico = "Frederico Paiva" }
@string { a_paixao_matheus = "Matheus Paix{\~a}o" }
@string { a_pajankar_ashwin = "Ashwin Pajankar" }
@string { a_pal_yongendra = "Yogendra Pal" }
@string { a_palmer_charles_c = "Charles C.\ Palmer" }
@string { a_pan_ruizhe = "Ruizhe Pan"}
@string { a_pan_shuting = "Shuting Pan"}
@string { a_pandas_dev = "{\glslink{pandas}{Pandas}~Developers}" }
@string { a_panitz_aliza_r = "Aliza R.\ Panitz" }
@string { a_paoli_jean = "Jean Paoli" }
@string { a_papaccio_philip_n = "Philip N.\ Papaccio" }
@string { a_paquete_luis = "Lu{\'i}s Paquete" }
@string { a_pardalos_panos_miltiades = "Panos Miltiades Pardalos" }
@string { a_parker_burt = "Burt Parker" }
@string { a_pasareanu_corina_s = "Corina S.\ P{\u{a}}s{\u{a}}reanu" }
@string { a_passos_alexandre = "Alexandre Passos" }
@string { a_paszke_adam = "Adam Paszke" }
@string { a_patel_jignesh_m = "Jignesh M.\ Patel" }
@string { a_patrick_bob = "Bob Patrick" }
@string { a_paul_alan = "Alan Paul" }
@string { a_paulson_linda_dailey = "Linda Dailey Paulson" }
@string { a_payne_r_bruce = "R.\ Bruce Payne" }
@string { a_pearson_kenneth_r = "Kenneth R.\ Pearson" }
@string { a_pedregosa_fabian = "Fabian Pedregos" }
@string { a_pelikan_martin = "Martin Pelikan" }
@string { a_peltomaeki_mia = "Mia Peltom{\"a}ki" }
@string { a_pep_editors = "{The {PEP}~Editors}" }
@string { a_perez_riverol_yasset = "Yasset P{\'e}rez{\nobreakdashes-}Riverol" }
@string { a_perkins_jeff = "Jeff Perkins" }
@string { a_perktold_josef = "Josef Perktold" }
@string { a_perrot_matthieu = "Matthieu Perrot" }
@string { a_pesch_erwin = "Erwin Pesch" }
@string { a_peters_tim = "Tim Peters" }
@string { a_peterson_pearu = "Pearu Peterson" }
@string { a_petkovic_dusan = "Du{\v{s}}an Petkovi{\'c}" }
@string { a_pezet_don = "Don Pezet" }
@string { a_pfeiffer_silvia = "Silvia Pfeiffer" }
@string { a_pfleeger_shari_lawrence = "Shari Lawrence Pfleeger" }
@string { a_phalgun_amit = "Amit Phalgun" }
@string { a_picus_matti = "Matti Picus" }
@string { a_pimentel_jao_felipe = "Jo{\~a}o Felipe Pimentel" }
@string { a_pincus_martin = "Martin Pincus" }
@string { a_pinkston_donnie = "Donnie Pinkston" }
@string { a_pinyol_daniel = "Daniel \githubUser{dpinol} Pinyol" }
@string { a_pip_developers = "{\glslink{pip}{pip}~Developers}" }
@string { a_pirozzi_enrico = "Enrico Pirozzi" }
@string { a_pitonyak_andres = "Andrew Pitonyak" }
@string { a_pitsoulis_leonidas_s = "Leonidas S.\ Pitsoulis" }
@string { a_plagman_bernard_d = "Bernard D.\ Plagman" }
@string { a_plattner_hasso = "Hasso Plattner" }
@string { a_plew_ronald_r = "Ronald R.\ Plew" }
@string { a_pohl_klaus = "Klaus Pohl" }
@string { a_polat_ilhan = "Ilhan \githubUser{ilayn} Polat" }
@string { a_pollard_tom_j = "Tom J.\ Pollard" }
@string { a_polyak_levente = "Levente Poly{\'a}k" }
@string { a_pomerance_carl = "Carl Pomerance" }
@string { a_pope_gregory_13 = "{Pope Gregory~{XIII}}" }
@string { a_potts_chris_n = "Chris N.\ Potts" }
@string { a_prabhakar_arati = "Arati Prabhakar" }
@string { a_prados_philippe = "Philippe PRADOS" }
@string { a_prammer_martin = "Martin Prammer" }
@string { a_pranav_prashant = "Prashant Pranav" }
@string { a_press_william_h = "William H.\ Press" }
@string { a_pressman_roger_s = "Roger S.\ Pressman" }
@string { a_prettenhofer_peter = "Peter Prettenhofer" }
@string { a_price_kenneth_v = "Kenneth V.\ Price" }
@string { a_prins_jan = "Jan Prins" }
@string { a_punnen_abraham_p = "Abraham P.\ Punnen" }
@string { a_pylint_contributors = "{{\glslink{pylint}{Pylint} Contributors}}" }
@string { a_pytest_dev_team = "{\glslink{pytest}{pytest}{\nobreakdashes-}Dev Team}" }
@string { a_qi_qi = "Qi {Qi~(齐琪)}" }
@string { a_qiu_junjie = "Junjie Qiu"}
@string { a_qu_hui = "Hui Qu"}
@string { a_querido_tania = "Tania Querido" }
@string { a_quinter_ea = "E.\ A.\ Quintero" }
@string { a_quix_christoph = "Christoph Quix" }
@string { a_raddevus = "\href{https://dba.stackexchange.com/users/87381}{raddevus}" }
@string { a_radford_alec = "Alec Radford" }
@string { a_rahavachary_saty = "Saty Raghavachary" }
@string { a_rai_sanatan = "Sanatan Rai" }
@string { a_raison_martin = "Martin Raison" }
@string { a_ramakrishnan_raghu = "Raghu Ramakrishnan" }
@string { a_ramalho_luciano = "Luciano Ramalho" }
@string { a_ramanathan_tara = "Tara Ramanathan" }
@string { a_ramesh_venkataraman = "Venkataraman Ramesh" }
@string { a_raschka_sebastian = "Sebastian Raschka" }
@string { a_ratan_abhishek = "Abhishek Ratan" }
@string { a_razzoli_federico = "Federico Razzoli" }
@string { a_rector_robert_w = "Robert W.\ Rector" }
@string { a_reddy_tyler = "Tyler Reddy" }
@string { a_reedy_christopher = "Christopher Reedy" }
@string { a_reich_louis = "Louis Reich" }
@string { a_reichardt_mike = "Mike Reichardt" }
@string { a_reinelt_gerhard = "Gerhard Reinelt" }
@string { a_reisin_fanny_michaela = "Fanny{\nobreakdashes-}Michaela Reisin" }
@string { a_reisner_phyllis = "Phyllis Reisner" }
@string { a_reschke_julian_f = "Julian F.\ Reschke" }
@string { a_rescorla_eric = "Eric Rescorla" }
@string { a_reuter_andreas = "Andreas Reuter" }
@string { a_reynolds_luke = "Luke Reynolds" }
@string { a_reza_hassan = "Hassan Reza" }
@string { a_ribeiro_antonio_h = "Ant{\^o}nio H.\ Ribeiro" }
@string { a_richards_mark = "Mark Richards" }
@string { a_riego_del_castillo_virginia = "Virginia {Riego{\nobreakdashes-}Del Castillo}" }
@string { a_riesel_hans = "Hans Riesel" }
@string { a_rinnooy_kan_alexaner_hendrik_george = "Alexander Hendrik George {Rinnooy Kan}" }
@string { a_ritter_frank_e = "Frank E.\ Ritter" }
@string { a_rivest_ronald_linn = "Ronald Linn Rivest" }
@string { a_robbins_arnold = "Arnold Robbins" }
@string { a_roberts_lawrence_g = "Lawrence G.\ Roberts" }
@string { a_robertson_edmund_f = "Edmund F.\ Robertson" }
@string { a_robson_eleanor = "Eleanor Robson" }
@string { a_rocha_linoln_s = "Lincoln S.\ Rocha" }
@string { a_rodriguez_emily = "Emily Rodriguez" }
@string { a_rogers_christopher = "Christopher Rogers" }
@string { a_rolland_colette = "Colette Rolland" }
@string { a_roman_gruia_catalin = "Gruia{\nobreakdashes-}Catalin Roman" }
@string { a_romanovsky_alexander_b = "Alexander B.\ Romanovsky" }
@string { a_romedenne_alain = "Alain Romedenne" }
@string { a_ros_raymond = "Raymond Ros" }
@string { a_roscoe_timothy = "Timothy Roscoe" }
@string { a_rosenblatt_bill = "Bill Rosenblatt" }
@string { a_ross_keith = "Keith Ross" }
@string { a_roth_ori = "Ori Roth" }
@string { a_rother_kristian = "Kristian Rother" }
@string { a_rouland_quentin = "Quentin Rouland" }
@string { a_roussopoulos_nick = "Nick Roussopoulos" }
@string { a_ruan_chong = "Chong Ruan"}
@string { a_rubira_cacilia_m_f = "andCec{\'i}lia M.\ F.\ Rubira" }
@string { a_rudolph_gunter = "G{\"u}nter Rudolph" }
@string { a_rumbaugh_james = "James Rumbaugh" }
@string { a_runeson_per = "Per Runeson" }
@string { a_russel_stuart = "Stuart J.\ Russell" }
@string { a_russman_hazel = "Hazel Russman" }
@string { a_rustin_randall = "Randall Rustin" }
@string { a_ruthruff_joseph_r = "Joseph R.\ Ruthruff" }
@string { a_ryder_j_l = "J.L.\ Ryder" }
@string { a_ryou_yeonhee = "Yeonhee Ryou" }
@string { a_sachsenberg_timo = "Timo Sachsenberg" }
@string { a_sagher_yoram = "Yoram Sagher" }
@string { a_sahni_sartaj = "Sartaj Sahni" }
@string { a_salakoski_tapio = "Tapio Salakoski" }
@string { a_salimans_tim = "Tim Salimans" }
@string { a_salvaneschi_guido = "Guido Salvaneschi" }
@string { a_saracco_cynthia_m = "Cynthia M.\ Saracco" }
@string { a_sargent_jenna = "Jenna Sargent" }
@string { a_sarker_faruque = "Dr.~M.O.~Faruque Sarker" }
@string { a_sarnikar_surendra = "Surendra Sarnikar" }
@string { a_sauter_vicki_l = "Vicki L.\ Sauter" }
@string { a_scacchi_walt = "Walt Scacchi" }
@string { a_schach_stephen_r = "Stephen R.\ Schach" }
@string { a_schaefer_robert = "Robert Schaefer" }
@string { a_schaffer_j_david = "J.\ David Schaffer" }
@string { a_schemenauer_neil = "Neil Schemenauer" }
@string { a_schepers_doug = "Doug Schepers" }
@string { a_schiffers_jochen = "Jochen Schiffers" }
@string { a_schmidt_gerhard = "Gerhard Schmidt" }
@string { a_schmitz_roland = "Roland Schmitz" }
@string { a_schneider_kurt = "Kurt Schneider" }
@string { a_schofield_peter = "Peter Schofield" }
@string { a_scholz_manuel = "Manuel Scholz" }
@string { a_schotten_hans_d = "Hans D.\ Schotten" }
@string { a_schultke_jan = "Jan Schultke" }
@string { a_schurr_andy = "Andy Sch{\"u}rr" }
@string { a_schweppe_heinz = "Heinz Schweppe" }
@string { a_schwettman_steve = "Steve Schwettman" }
@string { a_scipy_1 = "{{\glslink{scipy}{SciPy}~1.0 Contributors}}" }
@string { a_scott_larkin_rigdway = "Larkin Ridgway Scott" }
@string { a_sedlmeier_matthias = "Matthias Sedlmeier" }
@string { a_seiferle_michael = "Michael Seiferle" }
@string { a_seimert_winfried = "Winfried Seimert" }
@string { a_selivanov_yury = "Yury Selivanov" }
@string { a_seo_jiwon = "Jiwon Seo" }
@string { a_setia_veenu = "Veenu Setia" }
@string { a_sewell_chris = "Chris Sewell" }
@string { a_seyff_norbert = "Norbert Seyff" }
@string { a_shafranovich_yakov = "Yakov Shafranovich" }
@string { a_shaft_uri = "URi Shaft" }
@string { a_shahrokni_ali = "Ali Shahrokni" }
@string { a_shalev_shwartz_shai = "Shai Shalev{\nobreakdashes-}Shwartz" }
@string { a_shamshin_yuri = "Yuriy Shamshin" }
@string { a_shantanu = "Shantanu \githubUser{hauntsaninja}" }
@string { a_shao_zhihong = "Zhihong Shao"}
@string { a_sharma_vishal = "Vishal Sharma" }
@string { a_shen_kangshen = "Shen Kangshen" }
@string { a_sheppart_kevin = "Kevin Sheppard" }
@string { a_sherrill_sandra_l = "Sandra L.\ Sherrill" }
@string { a_shewchuk_jonathan_richard = "Jonathan Richard Shewchuk" }
@string { a_shi_mingtao = "Mingtao Shi" }
@string { a_shimizukawa_takayuki = "Takayuki Shimizukawa" }
@string { a_shmoys_david_b = "David B.\ Shmoys" }
@string { a_siegel_peter = "Peter Siegel" }
@string { a_siegel_sidney = "Sidney Siegel" }
@string { a_siever_ellen = "Ellen Siever" }
@string { a_sigler_laurence_e = "Laurence E.\ Sigler" }
@string { a_silberschatz_abraham = "Abraham \inQuotes{Avi} Silberschatz" }
@string { a_sills_bryan = "Bryan Sills" }
@string { a_silva_sara = "Sara Silva" }
@string { a_silverman_richard_e = "Richard E.\ Silverman" }
@string { a_simon_alan_r = "Alan R.\ Simon" }
@string { a_skoulikari_anna = "Anna Skoulikari" }
@string { a_skoulis_ioannis = "Ioannis Skoulis" }
@string { a_slatkin_brett = "Brett Slatkin" }
@string { a_sloane_neil_james_alexander = "Neil James Alexander Sloane" }
@string { a_smith_drew = "Drew Smith" }
@string { a_smith_eric_v = "Eric V.\ \githubUser{ericvsmith} Smith" }
@string { a_smith_ethan = "Ethan Smith" }
@string { a_smith_john_miles = "John Miles Smith" }
@string { a_smith_nathaniel_j = "Nathaniel J.\ Smith" }
@string { a_smith_thomas = "Thomas Smith" }
@string { a_snodgrass_richard_t = "Richard T.\ Snodgrass" }
@string { a_snow_dwaine_r = "Dwaine R.\ Snow" }
@string { a_sobolev_nikita = "Nikita Sobolev" }
@string { a_song_il_yeol = "Il{\nobreakdashes-}Yeol Song" }
@string { a_song_junxiao = "Junxiao Song"}
@string { a_sottet_jean_sebastien = "Jean{\nobreakdashes-}S{\'e}bastien Sottet" }
@string { a_sperberg_mcqueen_c_m = "C.\ M.\ Sperberg{\nobreakdashes-}McQueen" }
@string { a_sphinx_developers = "{\glslink{sphinx}{Sphinx} Developers}" }
@string { a_sreeraman_rupesh = "Rupesh \githubUser{rupeshs} Sreeraman" }
@string { a_srinivasan_pradeep_kumar = "Pradeep Kumar Srinivasan" }
@string { a_stashchuk_bogdan = "Bogdan Stashchuk" }
@string { a_stein_clifford = "Clifford Stein" }
@string { a_steiner_benoit = "Benoit Steiner" }
@string { a_steinmacher_igor = "Igor Steinmacher" }
@string { a_stephens_ryan_k = "Ryan K.\ Stephens" }
@string { a_stewart_chris = "Chris Stewart" }
@string { a_stockel_marc = "Marc St{\"o}ckel" }
@string { a_stokes_jon = "Jon Stokes" }
@string { a_stonebraker_michael = "Michael Stonebraker" }
@string { a_storchaka_serhiy = "Serhiy Storchaka" }
@string { a_straffin_jr_philip_d = "Philip D.\ {Straffin~Jr.}" }
@string { a_sturgis_howard_e = "Howard E.\ Sturgis" }
@string { a_stutzle_thomas = "Thomas St{\"u}tzle" }
@string { a_subramanium_umashankar = "Umashankar Subramanium" }
@string { a_sudarshan_s = "S.\ Sudarshan" }
@string { a_suganthan_ponnuthurai_nagaratnam = "Ponnuthurai Nagaratnam Suganthan" }
@string { a_sullivan_michael_j = "Michael J.\ Sullivan" }
@string { a_sutskever_ilya = "Ilya Sutskever" }
@string { a_suzuki_hisami = "Hisami Suzuki" }
@string { a_takadama_keiki = "Keiki Takadama" }
@string { a_takahashi_mana = "Mana Takahashi" }
@string { a_tang_ke = "Ke {Tang~(唐珂)}" }
@string { a_tang_minghui = "Minghui Tang"}
@string { a_target_sinclair = "Sinclair Target" }
@string { a_tawfik_sherif_m = "Sherif M.\ Tawfik" }
@string { a_taylor_allen = "Allen Taylor" }
@string { a_taylor_julian = "Julian Taylor" }
@string { a_taylor_robert_w = "Robert W.\ Taylor" }
@string { a_tejani_alykhan = "Alykhan Tejani" }
@string { a_ternent_tobias = "Tobias Ternent" }
@string { a_teukolsky_saul_a = "Saul A.\ Teukolsky" }
@string { a_tezuysal_alkin = "Alkin Tezuysal" }
@string { a_thalheim_berhard = "Bernhard Thalheim" }
@string { a_thatcher_james_w = "James W.\ \inQuotes{Jim} Thatcher" }
@string { a_thirion_bertrand = "Bertrand Thirion" }
@string { a_thiruvthukal_george_k = "George K.\ Thiruvathukal" }
@string { a_thomson_sarah_louise = "Sarah Loise Thomson" }
@string { a_tian_ning = "Ning Tian"}
@string { a_tierney_kevin = "Kevin Tierney" }
@string { a_tinley_jeremy = "Jeremy Tinley" }
@string { a_tolhurst_denise = "Denise Tolhurst" }
@string { a_topi_heikki = "Heikki Topi" }
@string { a_torp_kristian = "Kristian Torp" }
@string { a_torregrossa_dario = "Dario Torregrossa" }
@string { a_torvalds_linus = "Linus Torvalds" }
@string { a_tracz_william_j = "William J.\ Tracz" }
@string { a_tragura_sherwin_john_c = "Sherwin John C.\ Tragura" }
@string { a_train_your_brain = "{Train Your Brain}" }
@string { a_tran_benedict = "B{\'e}n{\'e}dikt Tran" }
@string { a_trautmann_heike = "Heike Trautmann" }
@string { a_traversy_brad = "Brad Traversy" }
@string { a_treu_kevin = "Kevin Treu" }
@string { a_truszkowski_walter = "Walter Truszkowski" }
@string { a_tsichritzis_dennis = "Dennis Tsichritzis" }
@string { a_tsitoara_mariot = "Mariot Tsitoara" }
@string { a_tsutsui_shigeyoshi = "Shigeyoshi Tsutsui" }
@string { a_tubio_oscar_dieste = "{\'O}scar Dieste Tub{\'i}o" }
@string { a_tucker_neely = "Neely Tucker" }
@string { a_tucker_paul_a = "Paul A.\ Tucker" }
@string { a_tuleuov_berik_i = "Berik I.\ Tuleuov" }
@string { a_turner_adam = "Adam Turner" }
@string { a_tyler_christina = "Christina Tyler" }
@string { a_tyson_mark = "Mark Tyson" }
@string { a_ullman_jeffrey_d = "Jeffrey D.\ Ullman" }
@string { a_ulrich_laurie_a = "Laurie A.\ Ulrich" }
@string { a_user210271 = "user210271" }
@string { a_user2959071 = "\href{https://dba.stackexchange.com/users/205536}{user2959071}" }
@string { a_uszkoreit_julian = "Julian Uszkoreit" }
@string { a_vaidyanathasamy_lakshminarayanan = "Lakshminarayanan Vaidyanathasamy" }
@string { a_vairaktarakis_george = "George Vairaktarakis" }
@string { a_valiev_marat = "Marat Valiev" }
@string { a_van_den_berg_daan = "Daan {van den Berg}" }
@string { a_van_der_walt_stefan = "St{\'e}fan {van der Walt}" }
@string { a_van_horn_bruce_m_2 = "Bruce M.\ {Van Horn}~II" }
@string { a_van_kerkwijk_marten_h = "Marten H.\ {van Kerkwijk}" }
@string { a_van_mulbregt_paul = "Paul {van Mulbregt}" }
@string { a_van_rossum_guido = "Guido {van Rossum}" }
@string { a_van_rysdam = "Peter {van Rysdam}" }
@string { a_van_schelven_klaas = "Klaas van Schelven" }
@string { a_van_stein_niki = "Niki {van Stein}" }
@string { a_van_vugt_sander = "Sander {van Vugt}" }
@string { a_vandenberg_scott_l = "Scott L.\ Vandenberg" }
@string { a_vanderplas_jake = "Jake {VanderPlas}" }
@string { a_vanschoren_joaquin = "Joaquin Vanschoren" }
@string { a_varoquaux_gael = "Ga{\"e}l Varoquaux" }
@string { a_varrazzo_daniele = "Daniele \githubUser{dvarrazzo} Varrazzo" }
@string { a_varro_daniel = "D{\'a}niel Varr{\'o}" }
@string { a_vasilescu_bogdan = "Bogdan Vasilescu" }
@string { a_vassiliadis_panos = "Panos Vassiliadis" }
@string { a_vasudevan_vijay = "Vijay Vasudevan" }
@string { a_vecchi_mario_p = "Mario P.\ Vecchi" }
@string { a_vetterling_william_t = "William T.\ Vetterling" }
@string { a_vieira_rafael_accetta = "Rafael Accetta Vieira" }
@string { a_vinet_judd = "Judd Vinet" }
@string { a_virtanen_pauli = "Pauli \githubUser{pv} Virtanen" }
@string { a_vizcaino_juan_antonio = "Juan Antonio Vizca{\'i}no" }
@string { a_volz_vanessa = "Vanessa Volz" }
@string { a_voorhis_dave = "Dave Voorhis" }
@string { a_vossen_gottfried = " Gottfried Vossen" }
@string { a_vyssotsky_victor_a = "Victor A.\ Vyssotsky" }
@string { a_wagner_markus = "Markus Wagner" }
@string { a_wahbeh_abullah = "Abdullah Wahbeh" }
@string { a_wallace_john_j = "John J.\ Wallace" }
@string { a_wallach_hanna_m = "Hanna M.\ Wallach" }
@string { a_wang_bingxuan = "Bingxuan Wang"}
@string { a_wang_haocheng = "Haocheng Wang"}
@string { a_wang_jiawei = "Jiawei Wang"}
@string { a_wang_lean = "Lean Wang"}
@string { a_wang_litong = "Litong Wang"}
@string { a_wang_miaojun = "Miaojun Wang"}
@string { a_wang_peiyi = "Peiyi Wang"}
@string { a_wang_qiancheng = "Qiancheng Wang"}
@string { a_wang_rui = "Rui Wang" }
@string { a_wang_runji = "Runji Wang"}
@string { a_wang_shiyu = "Shiyu Wang"}
@string { a_wang_xiaofeng = "Xiaofeng {Wang~(王晓峰)}" }
@string { a_wang_xiaomei = "Xiaomei Wang" }
@string { a_warden_pete = "Pete Warden" }
@string { a_ware_willis_h = "Willis H.\ Ware" }
@string { a_warnes_gregory_r = "Gregory R.\ Warnes" }
@string { a_warsaw_barry = "Barry Warsaw" }
@string { a_watt_jonathan = "Jonathan Watt" }
@string { a_waygood_alex = "Alex \githubUser{AlexWaygood} Waygood" }
@string { a_weber_jean_hollis = "Jean Hollis Weber" }
@string { a_weckesser_warren = "Warren Weckesser" }
@string { a_wegener_ingo = "Ingo Wegener" }
@string { a_wehr_l_a = "L.A.\ Wehr" }
@string { a_weidenhaupt_klaus = "Klaus Weidenhaupt" }
@string { a_weikum_gerhard = "Gerhard Weikum" }
@string { a_weise_thomas = "Thomas {Weise~(汤卫思)}" }
@string { a_weiss_ron = "Ron Weiss" }
@string { a_weisstein_eric_w = "Eric Wolfgang Weisstein" }
@string { a_weitzel_john_r = "John R.\ Weitzel" }
@string { a_welzer_tatjana = "Tatjana Welzer" }
@string { a_west_matthew = "Matthew West" }
@string { a_west_randolph = "Randolph West" }
@string { a_whitaker_randall_d = "Randall D.\ Whitaker" }
@string { a_white_john_r = "John R.\ White" }
@string { a_whitley_l_darrell = "L.\ Darrell Whitley" }
@string { a_whitney_donald_r = "Donald R.\ Whitney" }
@string { a_whittaker_james_a = "James A.\ Whittaker" }
@string { a_whyte_peter = "Peter Whyte" }
@string { a_wicke_martin = "Martin Wicke" }
@string { a_widenius_ulf_michael = "Ulf Michael \inQuotes{Monty} Widenius" }
@string { a_widom_jennifer = "Jennifer Widom" }
@string { a_wiebe_mark = "Mark Wiebe" }
@string { a_wiese_ingo = "Igor Wiese" }
@string { a_wieser_eric = "Eric Wieser" }
@string { a_wilcoxon_frank = "Frank Wilcoxon" }
@string { a_williams_paul = "Paul Williams" }
@string { a_wilson_joshua = "Joshua Wilson" }
@string { a_wilson_kenneth = "Kenneth Wilson" }
@string { a_wilson_kevin = "Kevin Wilson" }
@string { a_wilson_margaret_m = "Margaret M.\ Wilson" }
@string { a_winslet_marianne = "Marianne Winslett" }
@string { a_winter_collin = "Collin Winter" }
@string { a_wjandrea = "{\href{https://stackoverflow.com/users/4518341}{wjandrea}}" }
@string { a_woeginger_gerhard_j = "Gerhard J.\ Woeginger" }
@string { a_wolf_gregor = "Gregor Wolf" }
@string { a_wolfe_douglas_alan = "Douglas Alan Wolfe" }
@string { a_wong_bernard = "Bernard Wong" }
@string { a_wu_bochao = "Bochao Wu"}
@string { a_wu_yu = "Yu Wu"}
@string { a_wu_z_f = "Z.\ F.\ Wu"}
@string { a_wu_zhize = "Zhize {Wu~(吴志泽)}" }
@string { a_wyman_bostwick_f = "Bostwick F.\ Wyman" }
@string { a_wyman_myra_f = "Myra F.\ Wyman" }
@string { a_xia_leyi = "Leyi Xia"}
@string { a_xin_huajian = "Huajian Xin"}
@string { a_xu_hanwei = "Hanwei Xu"}
@string { a_xu_jie = "Jie Xu" }
@string { a_xu_lei = "Lei Xu"}
@string { a_xu_runxin = "Runxin Xu"}
@string { a_xue_bing = "Bing Xue"}
@string { a_yagoub_khaled = "Khaled Yagoub" }
@string { a_yanev_martin = "Martin Yanev" }
@string { a_yang_dejian = "Dejian Yang"}
@string { a_yang_edward_z = "Edward Z.\ Yang" }
@string { a_yang_joonmo = "Joonmo Yang" }
@string { a_yang_xuanda = "Xuanda Yang" }
@string { a_yang_zhenyu = "Zhenyu {Yang~(杨振宇)}" }
@string { a_ollivier_yann = "Yann Ollivier" }
@string { a_yao_xin = "Xin {Yao~(姚新)}" }
@string { a_yasar_kinza = "Kinza Yasar" }
@string { a_yasskin_jeffrey = "Jeffrey Yasskin" }
@string { a_ye_jingchen = "Jingchen Ye" }
@string { a_ye_shengfeng = "Shengfeng Ye"}
@string { a_yee_ka_ping = "Ka{\nobreakdashes-}Ping Yee" }
@string { a_yergeau_francois = "Fran{\c{c}}ois Yergeau" }
@string { a_ylonen_tatu = "Tatu Ylonen" }
@string { a_yoshia_naofumi = "Naofumi Yoshida" }
@string { a_yu_kuai = "Kuai Yu"}
@string { a_yu_shuiping = "Shuiping Yu"}
@string { a_yu_xingkai = "Xingkai Yu"}
@string { a_yu_yuan = "Yuan Yu" }
@string { a_yuan_jingyang = "Jingyang Yuan"}
@string { a_yurchak_roman = "Roman \githubUser{rth} Yurchak" }
@string { a_zadka_moshe = "Moshe Zadka" }
@string { a_zarras_apostolos_v = "Apostolos V.\ Zarras" }
@string { a_zarrelli_giorgio = "Giorgio Zarrelli" }
@string { a_zhang_chenyu = "Chenyu Zhang"}
@string { a_zhang_h = "H.\ Zhang"}
@string { a_zhang_haowei = "Haowei Zhang"}
@string { a_zhang_lecong = "Lecong Zhang"}
@string { a_zhang_liyue = "Liyue Zhang"}
@string { a_zhang_mingchuan = "Mingchuan Zhang"}
@string { a_zhang_minghua = "Minghua Zhang"}
@string { a_zhang_peng = "Peng Zhang"}
@string { a_zhang_ruisong = "Ruisong Zhang"}
@string { a_zhang_ruoyu = "Ruoyu Zhang"}
@string { a_zhang_xiaokang = "Xiaokang Zhang"}
@string { a_zhao_chenggang = "Chenggang Zhao"}
@string { a_zhao_liang = "Liang Zhao"}
@string { a_zheng_xiaoqiang = "Xiaoqiang Zheng" }
@string { a_zhou_shangyan = "Shangyan Zhou"}
@string { a_zhou_shunfeng = "Shunfeng Zhou"}
@string { a_zhou_yanuo = "Yanuo Zhou" }
@string { a_zhu_qihao = "Qihao Zhu"}
@string { a_zhu_zhenyu = "Zhenyu Zhu" }
@string { a_zijlstra_jelle = "Jelle \githubUser{JelleZijlstra} Zijlstra" }
@string { a_zimmermann_thomas = "Thomas Zimmermann" }
@string { a_zinoviev_dimitry = "Dmitry Zinoviev" }
@string { a_zipkin_paul_h = "Paul H.\ Zipkin" }
@string { a_zzz = "\href{https://dba.stackexchange.com/users/206441}{zz~Z}" }
