%% conferences
@xdata{c_cec,
 publisher = p_ieee,
 address = pa_ieee,
}

@xdata{c_gecco,
 publisher = p_acm,
 address = pa_acm,
}

@xdata{c_icec,
 publisher = p_ieee,
 address = pa_ieee,
}

@xdata{c_ijcci,
 publisher = p_scitepress,
 address = pa_scitepress,
 issn = {2184-3236},
}

@xdata{c_osdi,
 publisher = p_usenix,
 address = pa_usenix,
}
