%% journals
@xdata{j_acs,
 journal = {{ACM} Computing Surveys~({CSUR})},
 publisher = p_acm,
 address = pa_acm,
 issn = {0360-0300},
}

@xdata{j_afhoes,
 journal = {Archive for History of Exact Sciences},
 issn = {0003-9519},
 publisher = p_springer_verlag,
 address = pa_springer_verlag
}

@xdata{j_aitijoroisfrlcp,
 journal = {Applied Intelligence -- The International Journal of Research on Intelligent Systems for Real Life Complex Problems},
 issn = {0924-669X},
 publisher = p_springer_nature_limited,
 address = pa_springer_nature_limited,
}

@xdata{j_aoms,
 journal = {The Annals of Mathematical Statistics~({AOMS})},
 publisher = p_institute_of_mathematical_statistics,
 address = pa_institute_of_mathematical_statistics,
 issn = {0003-4851},
}

@xdata{j_asoc,
 journal = {Applied Soft Computing~{(ASOC)}},
 issn = {1568-4946},
 publisher = p_elsevier,
 address = pa_elsevier,
}

@xdata{j_asr,
 journal = {{ACM} {SIGMOD} Record},
 issn = {0163-5808},
 publisher = p_acm,
 address = pa_acm,
}

@xdata{j_bp,
 journal = {Biometrics Bulletin},
 issn = {0099-4987},
 publisher = p_international_biometric_society,
 address = pa_international_biometric_society,
}

@xdata{j_c1,
 journal = {Computer},
 publisher = p_ieee,
 address = pa_ieee,
 issn = {0018-9162},
}

@xdata{j_c2,
 journal = {Computing},
 publisher = p_springer_verlag,
 address = pa_springer_verlag,
 issn = {0010-485X},
}

@xdata{j_cacm,
 journal = {Communications of the {ACM}~({CACM})},
 publisher = p_acm,
 address = pa_acm,
 issn = {0001-0782},
}

@xdata{j_cais,
 journal = {Computer and Information Science},
 issn = {1913-8989},
 publisher = p_ccse,
 address = pa_ccse,
}

@xdata{j_casp,
 journal = {Commentarii Academiae Scientiarum Petropolitanae},
 publisher = p_typis_academiae,
 address = pa_typis_academiae
}

@xdata{j_cim,
 journal = {{IEEE} Computational Intelligence Magazine~({CIM})},
 publisher = p_ieee,
 address = pa_ieee,
 issn = {1556-603X},
}

@xdata{j_cisae,
 journal = {Computing in Science \& Engineering},
 publisher = p_ieee,
 address = pa_ieee,
 issn = {1521-9615},
}

@xdata{j_cs,
 journal = {Computers \& Security},
 publisher = p_elsevier,
 address = pa_elsevier,
 issn = {0167-4048},
}

@xdata{j_cw,
 journal = {Computerworld},
 publisher = pa_cw_communications # addr_sep # p_cw_communications # and # pa_foundry # addr_sep # p_foundry,
 issn = {0010-4841},
}

@xdata{j_d,
 journal = {Datamation},
 publisher = pa_technical_publishing # addr_sep # p_technical_publishing # and # pa_cahners # addr_sep # p_cahners,
 issn = {0011-6963}
}

@xdata{j_db,
 journal = {{DATA BASE} -- {ACM} {SIGMIS} \glslink{db}{Database}:~{T}he {DATABASE} for Advances in Information Systems},
 publisher = p_acm,
 address = pa_acm,
 issn = {0095-0033},
}

@xdata{j_dcg,
 journal = {Discrete \& Computational Geometry},
 issn = {0179-5376},
 publisher = p_springer_nature_limited,
 address = pa_springer_nature_limited
}

@xdata{j_dke,
 journal = {Data \& Knowledge Engineering~({DKE})},
 publisher = p_elsevier,
 address = pa_elsevier,
 issn = {0169-023X},
}

@xdata{j_ejor,
 journal = {European Journal of Operational Research},
 publisher = p_elsevier,
 address = pa_elsevier,
 issn = {0377-2217}
}

@xdata{j_ese,
 journal = {Empirical Software Engineering:~{A}n International Journal},
 publisher = p_springer_nature_limited,
 address = pa_springer_nature_limited,
 issn = {1382-3256},
}

@xdata{j_fortune,
 journal = {Fortune},
 publisher = p_fortune_media,
 address = pa_fortune_media
}

@xdata{j_ginfp,
 journal = {golem.de~{IT}~\nobreakdashes-{N}ews f{\"u}r {P}rofis},
 publisher = p_golem_media,
 address = pa_golem_media
}

@xdata{j_hci,
 journal = {Human\nobreakdashes-Computer Interaction},
 publisher = p_taylor_and_francis,
 address = pa_taylor_and_francis,
 issn = {0737-0024},
}

@xdata{j_hm,
 journal = {Historia Mathematica},
 issn = {0315-0860},
 publisher = p_elsevier,
 address = pa_elsevier
}

@xdata{j_iaothoc,
 journal = {{IEEE} Annals of the History of Computing},
 issn = {1058-6180},
 publisher = p_ieee,
 address = pa_ieee,
}

@xdata{j_iast,
 journal = {Information and Software Technology},
 publisher = p_elsevier,
 address = pa_elsevier,
 issn = {0950-5849},
}

@xdata{j_icm,
 journal = {{IEEE} Communications Magazine},
 publisher = p_ieee,
 address = pa_ieee,
 issn = {0163-6804},
}

@xdata{j_ideb,
 journal = {{IEEE} Data Engineering Bulletin},
 publisher = p_ieee_computer_society,
 address = pa_ieee_computer_society,
 issn = {1053-1238},
}

@xdata{j_ijnc,
 journal = {International Journal of Networking and Computing~{(IJNC)}},
 issn = {2185-2839},
 url = {http://www.ijnc.org},
 publisher = p_hiroshima_university_dep_ie,
 address = pa_hiroshima_university_dep_ie
}

@xdata{j_ijoc,
 journal = {{INFORMS}~Journal on Computing},
 issn = {1091-9856},
 publisher = p_informs,
 address = pa_informs
}

@xdata{j_ijorad,
 journal = {{IBM}~Journal of Research and Development},
 publisher = pa_ieee # addr_sep # p_ieee # and # pa_ibm # addr_sep # p_ibm,
 issn = {0018-8646},
}

@xdata{j_is,
 journal = {{IEEE}~Software},
 publisher = p_ieee,
 address = pa_ieee,
 issn = {0740-7459},
}

@xdata{j_isdtcmau,
 journal = {Information Systems:~\glslink{db}{Databases}:~{T}heir Creation, Management and Utilization},
 issn = {0306-4379},
 publisher = pa_pergamon_press # addr_sep # p_pergamon_press # {, now } # pa_elsevier # addr_sep # p_elsevier,
}

@xdata{j_itose,
 journal = {{IEEE} Transactions on Software Engineering},
 publisher = p_ieee_computer_society,
 address = pa_ieee_computer_society,
 issn = {0098-5589},
}

@xdata{j_itosmacpbc,
 journal = {{IEEE}~Transactions on Systems, Man, and Cybernetics {--} Part~{B}:~{C}ybernetics},
 issn = {1083-4419},
 publisher = p_ieee,
 address = pa_ieee,
}

@xdata{j_jasa,
 journal = {Journal of the American Statistical Association~({J AM STAT ASSOC})},
 issn = {0162-1459},
 publisher = pa_taylor_and_francis # addr_sep # p_taylor_and_francis # { for } # pa_asa_stat # addr_sep # p_asa_stat,
}

@xdata{j_jisom,
 journal = {Journal of Information Systems and Operations Management~({JISOM})},
 publisher = p_romanian_american_university_srd,
 address = pa_romanian_american_university_srd,
 issn = {1843-4711}
}

@xdata{j_joaiahc,
 journal = {Journal of Ambient Intelligence and Humanized Computing},
 publisher = p_springer_nature_limited,
 address = pa_springer_nature_limited,
 issn = {1868-5137},
}

@xdata{j_joar,
 journal = {Journal of Automated Reasoning},
 issn = {0168-7433},
 publisher = p_springer_nature_limited,
 address = pa_springer_nature_limited
}

@xdata{j_joisaa,
 journal = {Journal of Information Security and Applications},
 publisher = p_elsevier,
 address = pa_elsevier,
 issn = {2214-2126},
}

@xdata{j_jomlr,
 journal = {Journal of Machine Learning Research~{(JMLR)}},
 issn = {1532-4435},
 publisher = p_mit_press,
 address = pa_mit_press,
}

@xdata{j_josas,
 journal = {Journal of Systems and Software},
 publisher = p_elsevier,
 address = pa_elsevier,
 issn = {0164-1212},
}

@xdata{j_jotrss,
 journal = {Journal of the Royal Statistical Society},
 publisher = pa_blackwell_publishing # addr_sep # p_blackwell_publishing # { for } # pa_royal_statistical_society # addr_sep # p_royal_statistical_society,
 issn = {0035-9238},
}

@xdata{j_lcgce,
 journal = {\mbox{LC$\cdot$GC}~Europe},
 issn = {1471-6577},
 publisher = p_mjh_life_sciences,
 address = pa_mjh_life_sciences,
}

@xdata{j_lg,
 journal = {\glslink{linux}{Linux} Gazette},
 publisher = p_specialized_systems_consultants,
 address = pa_specialized_systems_consultants,
}

@xdata{j_lum,
 journal = {;login:~Usenix Magazin},
 publisher = p_usenix,
 address = pa_usenix,
 issn = {1044-6397},
}

@xdata{j_mm,
 journal = {Mathematics Magazine},
 publisher = p_taylor_and_francis,
 address = pa_taylor_and_francis,
 issn = {0025-570X},
}

@xdata{j_mq,
 journal = {{MIS}~Quarterly:~{M}anagement Information Systems Quarterly~{(MISQ)}},
 publisher = p_university_of_minnesota,
 address = pa_university_of_minnesota,
 issn = {0276-7783},
}

@xdata{j_mst,
 journal = {Mathematical Systems Theory},
 issn = {1432-4350},
 publisher = p_springer_science_and_business,
 address = pa_springer_science_and_business,
}

@xdata{j_n,
 journal = {Nature},
 issn = {0028-0836},
 publisher = p_springer_nature_limited,
 address = pa_springer_nature_limited
}

@xdata{j_nm,
 journal = {Nature Methods},
 issn = {1548-7091},
 publisher = p_springer_nature_limited,
 address = pa_springer_nature_limited
}

@xdata{j_notams,
 journal = {Notices of the American Mathematical Society},
 publisher = p_ams,
 address = pa_ams,
 issn = {1088-9477}
}

@xdata{j_ojoc,
 journal = {{ORSA} Journal on Computing},
 publisher = p_informs,
 address = pa_informs,
 issn = {0899-1499},
}

@xdata{j_oscdo,
 journal = {Ontology Studies (Cuadernos de Ontolog{\'i}a)},
 issn = {1576-2270},
 publisher = p_universidad_del_pais_vasco,
 address = pa_universidad_del_pais_vasco,
}

@xdata{j_pacs,
 journal = {Programming and Computer Software},
 publisher = p_springer_nature_limited,
 address = pa_springer_nature_limited,
 issn = {0361-7688},
}

@xdata{j_pcb,
 journal = {{PLOS} Computational Biology},
 issn = {1553-7358},
 publisher = p_plos,
 address = pa_plos
}

@xdata{j_ptegtoa,
 journal = {Profit -- The Executive Guide to \glslink{oracleDB}{Oracle} Applications},
 publisher = p_oracle,
 address = pa_oracle,
 issn = {1531-7455}
}

@xdata{j_pvldb,
 journal = {Proceedings of the {VLDB} Endowment~{(PVLDB)}},
 publisher = p_vldb_endowment,
 address = pa_vldb_endowment,
 issn = {2150-8097}
}

@xdata{j_sa,
 journal = {Scientific American},
 publisher = p_scientific_american,
 address = pa_scientific_american,
 issn = {1946-7087}
}

@xdata{j_sap,
 journal = {Security and Privacy},
 publisher = p_wiley_and_sons_ltd,
 address = pa_wiley_and_sons_ltd,
 issn = {2475-6725}
}

@xdata{j_tamm,
 journal = {The American Mathematical Monthly},
 publisher = p_taylor_and_francis,
 address = pa_taylor_and_francis,
 issn = {1930-0972},
}

@xdata{j_tg,
 journal = {The Gazette},
 address = l_usa_cedar_rapids
}

@xdata{j_tm,
 journal = {Technometrics},
 publisher = p_taylor_and_francis,
 address = pa_taylor_and_francis,
 issn = {0040-1706},
}

@xdata{j_tods,
 journal = {{ACM}~Transactions on Database Systems~({TODS})},
 publisher = p_acm,
 address = pa_acm,
 issn = {0362-5915}
}

@xdata{j_toms_hardware,
 journal = {tom's Hardware},
 publisher = p_future_us_inc,
 address = pa_future_us_inc,
}

@xdata{j_tsftloc,
 journal = {Timeless Stories from the Library of Congress},
 issn = {2836-9459},
 publisher = p_library_of_congress,
 address = pa_library_of_congress,
}

@xdata{j_tvj,
 journal = {The {VLDB} Journal:~{T}he International Journal on Very Large Data Bases},
 issn = {1066-8888},
 publisher = p_springer_nature_limited,
 address = pa_springer_nature_limited,
}

@xdata{j_xrds,
 journal = {{XRDS}:~Crossroads, The~{ACM}~Magazine for Students},
 issn = {1528-4972},
 publisher = p_acm,
 address = pa_acm,
}

@xdata{j_zamm,
 journal = {ZAMM~--~Journal of Applied Mathematics and Mechanics / {Zeitschrift f{\"u}r Angewandte Mathematik und Mechanik}},
 publisher = p_wiley_vch,
 address = pa_wiley_vch,
 issn = {0044-2267},
}
