@book{BHK2006CNFCMEARFCS,
 author = a_baumgartner_gary # and # a_heap_danny # and # a_krueger_richard,
 title = {Course Notes for {CSC165H}:~Mathematical Expression and Reasoning for Computer Science},
 date = {2006-23},
 publisher = p_university_of_toronto_cs,
 address = pa_university_of_toronto_cs,
 url = {https://www.cs.toronto.edu/~krueger/csc165h/f06},
 urldate = {2024-07-27}
}

@inbook{BHK2006CNFCMEARFCS:NS,
 title = {Numerical Systems},
 chapter = {7},
 crossref = {BHK2006CNFCMEARFCS},
 url = {https://www.cs.toronto.edu/~krueger/csc165h/f06/lectures/ch7.pdf},
 urldate = {2024-07-27}
}

@inbook{F2011TTOEAP,
 author = a_filaseta_michael,
 booktitle = {Math~785:~{T}ranscendental Number Theory},
 title = {The Transcendence of~\glslink{numberE}{$e$} and~\glslink{numberPi}{$\pi$}},
 chapter = {6},
 date = {2011-21},
 publisher = p_university_of_south_carolina,
 address = pa_university_of_south_carolina,
 url = {https://people.math.sc.edu/filaseta/gradcourses/Math785/Math785Notes6.pdf},
 urldate = {2024-07-05},
}

@inbook{H1997IS7FPN,
 author = a_hollasch_steve,
 title = {{IEEE} Standard~754 Floating Point Numbers},
 booktitle = {{CSE401}:~{Introduction} to Compiler Construction},
 publisher = p_university_of_washington,
 address = pa_university_of_washington,
 date = {1997-01-08},
 url = {https://courses.cs.washington.edu/courses/cse401/01au/details/fp.html},
 urldate = {2024-07-05},
}

@book{H2024POIC,
 author = a_hammoud_mohammad,
 title = {\mbox{15-122}:~Principles of Imperative Computation},
 date = {2024-21},
 publisher = p_carnegie_mellon_university_qatar,
 address = pa_carnegie_mellon_university_qatar,
 url = {https://web2.qatar.cmu.edu/~mhhammou/15122-s24},
 urldate = {2024-09-26},
}

@inbook{H2024POIC:BS,
 title = {Binary Search},
 crossref = {H2024POIC},
 chapter = {Lecture~06},
 date = {2024-01-29},
 url = {https://web2.qatar.cmu.edu/~mhhammou/15122-s24/lectures/06-binsearch/slides},
 urldate = {2024-09-26},
}

@book{KC2024DS,
 author = a_kraska_tim # and # a_cafarella_michael,
 title = {6.5830/6.5831:~Database Systems},
 date = {2024-23},
 publisher = p_mit,
 address = pa_mit,
 url = {https://dsg.csail.mit.edu/6.5830},
 urldate = {2025-01-08},
}

@inbook{KC2024DS:ITD,
 title = {Introduction to Databases},
 crossref = {KC2024DS},
 chapter = {1},
 date = {2024-09-04},
 url = {https://dsg.csail.mit.edu/6.5830/lectures/lec1.pdf},
 urldate = {2025-01-08},
}

@book{P2006CITRD,
 title = {CS101b -- Introduction to \glslink{rdb}{Relational Databases}},
 author = a_pinkston_donnie,
 date = {2006-24/2007-21},
 publisher = p_caltech,
 address = pa_caltech,
 url = {http://users.cms.caltech.edu/~donnie/dbcourse/intro0607},
 urldate = {2025-04-04},
}

@inbook{P2006CITRD:CERDTRM,
 title = {Converting \glslink{ERD}{E\nobreakdashes-R Diagrams} to Relational Model},
 chapter = {17},
 crossref = {P2006CITRD},
 date = {2007-02-12},
 url = {http://users.cms.caltech.edu/~donnie/dbcourse/intro0607/lectures/Lecture17.pdf},
 urldate = {2025-04-04},
}

@inbook{P2006CITRD:ERMI,
 title = {Entity-Relationship Model~{II}},
 chapter = {15},
 crossref = {P2006CITRD},
 date = {2007-02-07},
 url = {http://users.cms.caltech.edu/~donnie/dbcourse/intro0607/lectures/Lecture15.pdf},
 urldate = {2025-04-04},
}

@book{P2024C6DS,
 author = a_palmer_charles_c,
 title = {{COSC~61} Winter~2025:~\glslink{dbs}{Database Systems}},
 date = {2025-01/2025-03},
 publisher = p_dartmouth_college,
 address = pa_dartmouth_college,
 url = {https://www.cs.dartmouth.edu/~cs61},
 urldate = {2025-04-06},
}

@inbook{P2024C6DS:EM,
 title = {\glslink{ERD}{ER}~Modeling},
 chapter = {4},
 date = {2025-01-15},
 crossref = {P2024C6DS},
 url = {http://www.cs.dartmouth.edu/~cs61/Lectures/04%20-%20ER%20Modeling/04%20-%20ER%20Modeling.pdf},
 urldate = {2025-04-08},
}

@book{R2024CDS,
 author = a_rahavachary_saty,
 title = {{CSCI~585}:~\glslink{dbs}{Database Systems}},
 date = {2024-21},
 publisher = p_university_of_southern_california,
 address = pa_university_of_southern_california,
 url = {https://bytes.usc.edu/cs585/s24-d-a-t-aaa/lectures},
 urldate = {2025-04-06},
}

@inbook{R2024CDS:E,
 author = a_rahavachary_saty,
 title = {\glslink{ERD}{ER}},
 crossref = {R2024CDS},
 url = {https://bytes.usc.edu/cs585/s24-d-a-t-aaa/lectures/ER/slides.html},
 urldate = {2025-04-06},
}

@collection{S2003ISA6P,
 editor = a_sauter_vicki_l,
 title = {Information Systems Analysis:~6840~Papers},
 date = {2003-23},
 publisher = p_university_of_missouri_st_louis,
 address = pa_university_of_missouri_st_louis,
 url = {https://www.umsl.edu/~sauterv/analysis},
 urldate = {2025-03-26},
}

@incollection{S2003ISA6P:RDARS,
 author = a_zhu_zhenyu,
 title = {Requirements Determination and Requirements Structuring},
 crossref = {S2003ISA6P},
 url = {https://www.umsl.edu/~sauterv/analysis/6840_f03_papers/zhu},
 urldate = {2025-03-26},
}

@book{S2011C1GIICS,
 author = a_schlegel_daniel_r,
 title = {{CSE~111}:~{G}reat Ideas in Computer Science},
 date = {2011-22},
 publisher = p_state_university_of_new_york_buffalo,
 address = pa_state_university_of_new_york_buffalo,
 url = {https://danielschlegel.org/teaching/111/summer11.html},
 urldate = {2025-09-01},
}

@inbook{S2011C1GIICS:TBJTAAITSPWP,
 title = {The BÃ¶hm-Jacopini Theorem and an Introduction to Structured Programming with \glslink{python}{Python}},
 chapter = {5},
 date = {2011-07-20},
 crossref = {S2011C1GIICS},
 url = {https://danielschlegel.org/teaching/111/lecture5.html},
 urldate = {2025-09-01},
}

@collection{S2012IITDM,
 editor = a_song_il_yeol,
 title = {{INFO~605}:~{I}ntroduction to Database Management},
 date = {2013},
 publisher = p_drexel_university,
 address = pa_drexel_university,
 url = {https://cci.drexel.edu/faculty/song/courses/info%20605/605.htm},
 urldate = {2025-04-05},
}

@incollection{S2012IITDM:AAAPGTERM,
 author = a_song_il_yeol # and # a_froehlich_kristin,
 title = {Appendix~{A}:~{A}~Practical Guide to \glslink{ERD}{Entity-Relationship} Modeling},
 date = {2000-01-19/2005-05-20},
 url = {https://cci.drexel.edu/faculty/song/courses/info%20605/appendix/AppendixA.PDF},
 urldate = {2025-04-05},
}

@book{S2021ITNM,
 author = a_johnson_steven_g,
 title = {{18.335}~Introduction to Numerical Methods},
 publisher = p_mit,
 address = pa_mit,
 date = {2021-21},
 url = {https://math.mit.edu/~stevenj/18.335},
 urldate = {2025-09-07},
 addendum = {Past lectures are available at \url{https://github.com/mitmath/18335}~(visited on~2025-09-07)}
}

@inbook{S2021ITNM:NIATROTTR,
 title = {Numerical Integration and the Redemption of the Trapezoidal Rule},
 date = {2011-01/2020-05-08},
 crossref = {S2021ITNM},
 url = {https://math.mit.edu/%7Estevenj/trap-iap-2011.pdf},
 urldate = {2025-09-07},
}

@book{S2024D,
 author = a_shamshin_yuri,
 title = {\glslink{db}{Databases}},
 publisher = p_isma_university,
 address = pa_isma_university,
 date = {2024-05},
 url = {https://dbs.academy.lv},
 urldate = {2025-01-11},
}

@inbook{S2024D:CDMERDE,
 crossref = {S2024D},
 title = {Conceptual \glslink{db}{Database} Model. Entity Relationship Diagram~(\glslink{ERD}{ERD})},
 chapter = {04},
 url = {https://dbs.academy.lv/lection/dbs_LS04EN_erd.pdf},
 urldate = {2025-03-29},
}

@inbook{S2024D:LDMRMRA,
 crossref = {S2024D},
 title = {Logical Data Models. Relation Model. Relation Algebra},
 chapter = {05},
 url = {https://dbs.academy.lv/lection/dbs_LS05EN_rm.pdf},
 urldate = {2025-04-10},
}

@inbook{S2024D:MEDTRDM,
 crossref = {S2024D},
 title = {Mapping \glslink{ERD}{ER Diagrams} to Relation Data Model},
 chapter = {06},
 url = {https://dbs.academy.lv/lection/dbs_LS06EN_er2rm.pdf},
 urldate = {2025-04-20},
}

@inbook{S2024D:N,
 crossref = {S2024D},
 title = {Normalization},
 chapter = {07a},
 url = {https://dbs.academy.lv/lection/dbs_LS07ENa_normalization.pdf},
 urldate = {2025-05-03},
}

@inbook{S2024D:RNDAFDNF,
 crossref = {S2024D},
 title = {{RDM}~Normalization. Data Anomalies. Functional Dependency. Normal Forms.},
 chapter = {07},
 url = {https://dbs.academy.lv/lection/dbs_LS07EN_normalization.pdf},
 urldate = {2025-05-03},
}

@inbook{S2024D:THOD,
 crossref = {S2024D},
 title = {The History of \glslink{db}{Databases}},
 chapter = {02a},
 url = {https://dbs.academy.lv/lection/dbs_LS02ENa_hist.pdf},
 urldate = {2025-01-11},
}

@book{SS2005EIDDDFDB,
 author = a_schweppe_heinz # and # a_scholz_manuel,
 title = {Einf{\"u}hrung in die \glslink{dbs}{Datenbanksysteme}. {D}atenbanken f{\"u}r die Bioinformatik},
 date = {2005-04/2005-10},
 publisher = p_freie_universitat_berlin,
 address = pa_freie_universitat_berlin,
 url = {https://www.inf.fu-berlin.de/lehre/SS05/19517-V},
 urldate = {2025-01-08},
}

@inbook{SS2005EIDDDFDB:CDDRAAML,
 title = {Conceptual \glslink{db}{Database} Design:~{R}equirement Analysis and Modeling Languages},
 crossref = {SS2005EIDDDFDB},
 chapter = {2.1/2.2},
 url = {https://www.inf.fu-berlin.de/lehre/SS05/19517-V/FolienEtc/dbs05-02-ConceptualModeling1-2.pdf},
 urldate = {2025-03-24},
}

@inbook{SS2005EIDDDFDB:CDDICAMP,
 title = {Conceptual \glslink{db}{Database} Design:~{I}ntegrity Constraints and Modeling Patterns},
 crossref = {SS2005EIDDDFDB},
 chapter = {2.3/2.4},
 url = {https://www.inf.fu-berlin.de/lehre/SS05/19517-V/FolienEtc/dbs05-03-ConceptualModeling2-2.pdf},
 urldate = {2025-03-27},
}

@inbook{SS2005EIDDDFDB:NQORD,
 title = {\glslink{NF}{Normalization}:~{Q}uality of Relational Designs},
 crossref = {SS2005EIDDDFDB},
 chapter = {5},
 url = {https://www.inf.fu-berlin.de/lehre/SS05/19517-V/FolienEtc/dbs05-07-FA-1-2.pdf},
 urldate = {2025-05-06},
}

@inbook{SS2005EIDDDFDB:I,
 title = {Introduction},
 chapter = {1},
 crossref = {SS2005EIDDDFDB},
 url = {https://www.inf.fu-berlin.de/lehre/SS05/19517-V/FolienEtc/dbs045-01-Intro-2.pdf},
 urldate = {2025-01-08},
}

@inbook{SS2005EIDDDFDB:SDLDUTRDM,
 title = {Schema Design:~{L}ogical Design using the Relational Data Model},
 crossref = {SS2005EIDDDFDB},
 chapter = {3},
 url = {https://www.inf.fu-berlin.de/lehre/SS05/19517-V/FolienEtc/dbs05-04-RDM1-2.pdf},
 urldate = {2025-04-04},
}

@inbook{SS2005EIDDDFDB:SDWSD2,
 title = {Schema Definition with {\glslink{SQL}{SQL}~/~DDL~(II)}},
 crossref = {SS2005EIDDDFDB},
 chapter = {4},
 url = {https://www.inf.fu-berlin.de/lehre/SS05/19517-V/FolienEtc/dbs05-06-DDLSQL-2-2.pdf},
 urldate = {2025-05-15},
}

@book{T2025CDBMS,
 author = a_treu_kevin,
 title = {{CSC\nobreakdashes-341}:~\glslink{dbms}{Database Management Systems}},
 date = {2025-21},
 publisher = p_furman_university,
 address = pa_furman_university,
 url = {https://cs.furman.edu/~ktreu/csc341},
 urldate = {2025-04-05},
}

@inbook{T2025CDBMS:ERM,
 title = {Entity Relationship Modeling},
 crossref = {T2025CDBMS},
 chapter = {4},
 date = {2025-01-31},
 url = {https://cs.furman.edu/~ktreu/csc341/lectures/chapter04.pdf},
 urldate = {2025-04-05},
}

@book{V1999C5DMS,
 author = a_vandenberg_scott_l,
 title = {CSE~594:~{D}atabase Management Systems},
 date = {1999-23},
 publisher = p_university_of_washington,
 address = pa_university_of_washington,
 url = {https://courses.cs.washington.edu/courses/csep544/99au},
 urldate = {2025-03-25},
}

@inbook{V1999C5DMS:CI,
 title = {Course Introduction},
 chapter = {1},
 date = {1999-09-27},
 crossref = {V1999C5DMS},
 url = {https://courses.cs.washington.edu/courses/csep544/99au/lectures/class1.pdf},
 urldate = {2025-03-25},
}

@inbook{V1999C5DMS:CDUTERM,
 title = {Conceptual Design using the Entity-Relationship Model},
 date = {1999-09-29},
 crossref = {V1999C5DMS},
 url = {https://courses.cs.washington.edu/courses/csep544/99au/lectures/class2.pdf},
 urldate = {2025-03-29},
}
