%% locations
@string { l_australia_armdale = "{{Armadale}, {VIC}, {Australia}}" }
@string { l_australia_hobart = "{{Hobart}, {TAS}, {Australia}}" }
@string { l_australia_melbourne = "{{Melbourne}, {VIC}, {Australia}}" }
@string { l_australia_sydney = "{{Sydney}, {NSW}, {Australia}}" }
@string { l_austria_laxenburg = "{{Laxenburg}, {Austria}}" }
@string { l_brazil_palmas = "{{Palmas}, {Tocantins}, {Brazil}}" }
@string { l_canada_brandon = "{{Brandon}, {MB}, {Canada}}" }
@string { l_canada_calgary = "{{Calgary}, {AB}, {Canada}}" }
@string { l_canada_halifax = "{{Halifax}, {NS}, {Canada}}" }
@string { l_canada_kanata = "{{Kanata}, {ON}, {Canada}}" }
@string { l_canada_montreal = "{{Montreal}, {QC}, {Canada}}" }
@string { l_canada_oakville = "{{Oakville}, {ON}, {Canada}}" }
@string { l_canada_ottawa = "{{Ottawa}, {ON}, {Canada}}" }
@string { l_canada_richmond_hill = "{{Richmond Hill}, {ON}, {Canada}}" }
@string { l_canada_toronto = "{{Toronto}, {ON}, {Canada}}" }
@string { l_canada_vancouver = "{{Vancouver}, {BC}, {Canada}}" }
@string { l_china_beijing = "{{China}, {Beijing}~(中国北京市)}" }
@string { l_china_hangzhou = "{{Hangzhou}, {Zhejiang}, {China}~(中国浙江省杭州市)}" }
@string { l_china_hefei = "{{Hefei}, {Anhui}, {China}~(中国安徽省合肥市)}" }
@string { l_czech_republic_prague = "{{Prague}, {Czech Republic}}" }
@string { l_france_paris = "{{Paris}, {{\^I}le-de-France}, {France}}" }
@string { l_france_saclay = "{{Saclay}, {{\^I}le-de-France}, {France}}" }
@string { l_france_toulouse = "{{Toulouse}, {Occitanie}, {France}}" }
@string { l_france_valence = "{{Valence}, {Dr{\^o}me}, {Rh{\^o}ne\nobreakdashes-Alpes}, {France}}" }
@string { l_germany_berlin = "{{Berlin}, {Germany}}" }
@string { l_germany_berlin_heidelberg = "{{Berlin}/{Heidelberg}, {Germany}}" }
@string { l_germany_blaufelden = "{{Blaufelden}, {Schw{\"a}bisch Hall}, {Baden\nobreakdashes-W{\"u}rttemberg}, {Germany}}" }
@string { l_germany_burgthann = "{{Burgthann}, {Bayern}, {Germany}}" }
@string { l_germany_freiburg = "{{Freiburg}, {Baden\nobreakdashes-W{\"u}rttemberg}, {Germany}}" }
@string { l_germany_halle_saale = "{{Halle~(Saale)}, {Sachsen\nobreakdashes-Anhalt}, {Germany}}" }
@string { l_germany_hannover = "{{Hannover}, {Niedersachsen}, {Germany}}" }
@string { l_germany_heidelberg = "{{Heidelberg}, {Baden\nobreakdashes-W{\"u}rttemberg}, {Germany}}" }
@string { l_germany_konstanz = "{{Konstanz}, {Baden\nobreakdashes-W{\"u}rttemberg}, {Germany}}" }
@string { l_germany_leipzig = "{{Leipzig}, {Sachsen}, {Germany}}" }
@string { l_germany_munich = "{{M{\"u}nchen}, {Bayern}, {Germany}}" }
@string { l_germany_tubingen = "{{T{\"u}bingen}, {Baden\nobreakdashes-W{\"u}rttemberg}, {Germany}}" }
@string { l_germany_wadern = "{{Wadern}, {Saarland}, {Germany}}" }
@string { l_germany_weinheim = "{{Weinheim}, {Baden\nobreakdashes-W{\"u}rttemberg}, {Germany}}" }
@string { l_germany_wittenberg = "{{Wittenberg}, {Sachsen\nobreakdashes-Anhalt}, {Germany}}" }
@string { l_germany_wurzburg = "{{W{\"u}rzburg}, {Bayern}, {Germany}}" }
@string { l_greece_thessaloniki = "{{Thessaloniki}, {Central Macedonia}, {Greece}}" }
@string { l_iceland_reykjavik = "{{Reykjav{\'i}k}, {Iceland}}" }
@string { l_india_new_delhi = "{{New Delhi}, {India}}" }
@string { l_india_noida = "{{Noida}, {Uttar Pradesh}, {India}}" }
@string { l_japan_higashi_hiroshima = "{{Higashi\nobreakdashes-Hiroshima}, {Japan}}" }
@string { l_japan_kyoto = "{{Kyoto}, {Japan}}" }
@string { l_japan_tokyo = "{{Tokyo}, {Japan}}" }
@string { l_latvia_riga = "{{Riga}, {Latvia}}" }
@string { l_malaysia_bayan_baru = "{{Bayan Baru}, {Pulau Pinang}, {Malaysia}}" }
@string { l_netherlands_amsterdam = "{{Amsterdam}, {The~Netherlands}}" }
@string { l_netherlands_dordrecht = "{{Dordrecht}, {The~Netherlands}}" }
@string { l_netherlands_eindhoven = "{{Eindhoven}, {The~Netherlands}}" }
@string { l_netherlands_utrecht = "{{Utrecht}, {The Netherlands}}" }
@string { l_norway_sandnes = "{{Sandnes}, {Rogaland}, {Norway}}" }
@string { l_portugal_lisbon = "{{Lisbon}, {Portugal}}" }
@string { l_qatar_doha = "{{Doha}, {Qatar}}" }
@string { l_romania_bucharest = "{{Bucharest}~({Bucure{\c{s}}ti}), {Romania}}" }
@string { l_russia_petropolis = "{{Petropolis} {(St.~Petersburg)}, {Russia}}" }
@string { l_singapore = "{Singapore}" }
@string { l_slovenia_maribor = "{{Maribor}, {{\v{S}}tajerska}, {Podravska}, {Slovenia}}" }
@string { l_spain_leioa = "{{Leioa}, {Bizkaia}, {Spain}}" }
@string { l_sweden_uppsala = "{{Uppsala}, {Sweden}}" }
@string { l_switzerland_cham = "{{Cham}, {Switzerland}}" }
@string { l_switzerland_geneva = "{{Geneva}, {Switzerland}}" }
@string { l_switzerland_winterthur = "{{Winterthur}, {Switzerland}}" }
@string { l_switzerland_zurich = "{{Z{\"u}rich}, {Switzerland}}" }
@string { l_thailand_chiang_mai = "{{Chiang Mai}, {Thailand}}" }
@string { l_tunisia_hammamet = "{{Hammamet}, {Tunisia}}" }
@string { l_uk_birmingham = "{{Birmingham}, {England}, {UK}} " }
@string { l_uk_bristol = "{{Bristol}, {England}, {UK}}" }
@string { l_uk_cambridge = "{{Cambridge}, {England}, {UK}}" }
@string { l_uk_chichester = "{{Chichester}, {West Sussex}, {England}, {UK}}" }
@string { l_uk_edinburgh = "{{Edinburgh}, {Scotland}, {UK}}" }
@string { l_uk_london = "{{London}, {England}, {UK}}" }
@string { l_uk_oxford = "{{Oxford}, {Oxfordshire}, {England}, {UK}}" }
@string { l_uk_st_andrews = "{{St~Andrews}, {Scotland}, {UK}}" }
@string { l_uk_swindon = "{{Swindon}, {Wiltshire}, {England}, {UK}}" }
@string { l_uk_teddington = "{{Teddington}, {Middlesex}, {England}, {UK}}" }
@string { l_usa_alexandria = "{{Alexandria}, {VA}, {USA}}" }
@string { l_usa_ann_arbor = "{{Ann Arbor}, {MI}, {USA}}" }
@string { l_usa_armonk = "{{Armonk}, {NY}, {USA}}" }
@string { l_usa_atlanta = "{{Atlanta}, {GA}, {USA}}" }
@string { l_usa_austin = "{{Austin}, {TX}, {USA}}" }
@string { l_usa_beachwood = "{{Beachwood}, {OH}, {USA}}" }
@string { l_usa_beaverton = "{{Beaverton}, {OR}, {USA}}" }
@string { l_usa_belmont = "{{Belmont}, {MA}, {USA}}" }
@string { l_usa_berkeley = "{{Berkeley}, {CA}, {USA}}" }
@string { l_usa_bluebell = "{{Blue Bell}, {PA}, {USA}}" }
@string { l_usa_boston = "{{Boston}, {MA}, {USA}}" }
@string { l_usa_boca_raton = "{{Boca Raton}, {FL}, {USA}}" }
@string { l_usa_bridgeport = "{{Bridgeport}, {CT}, {USA}}" }
@string { l_usa_burlington = "{{Burlington}, {MA}, {USA}}" }
@string { l_usa_calabasas = "{{Calabasas}, {CA}, {USA}}" }
@string { l_usa_catonsville = "{{Catonsville}, {MD}, {USA}}" }
@string { l_usa_cambridge = "{{Cambridge}, {MA}, {USA}}" }
@string { l_usa_centennial = "{{Centennial}, {CO}, {USA}}" }
@string { l_usa_champaign = "{{Champaign}, {IL}, {USA}}" }
@string { l_usa_charlotte = "{{Charlotte}, {NC}, {USA}}" }
@string { l_usa_chicago = "{{Chicago}, {IL}, {USA}}" }
@string { l_usa_christmas = "{{Christmas}, {FL}, {USA}}" }
@string { l_usa_cedar_falls = "{{Cedar Falls}, {IA}, {USA}}" }
@string { l_usa_cedar_rapids = "{{Cedar Rapids}, {IA}, {USA}}" }
@string { l_usa_cincinnati = "{{Cincinnati}, {OH}, {USA}}" }
@string { l_usa_claymont = "{{Claymont}, {DE}, {USA}}" }
@string { l_usa_columbia = "{{Columbia}, {SC}, {USA}}" }
@string { l_usa_cranbury = "{{Cranbury}, {NJ}, {USA}}" }
@string { l_usa_dallas = "{{Dallas}, {TX}, {USA}}" }
@string { l_usa_davis = "{{Davis}, {CA}, {USA}}" }
@string { l_usa_dublin = "{{Dublin}, {OH}, {USA}}" }
@string { l_usa_durham = "{{Durham}, {NC}, {USA}}" }
@string { l_usa_englewood_cliffs = "{{Englewood Cliffs}, {NJ}, {USA}}" }
@string { l_usa_gaithersburg = "{{Gaithersburg}, {MD}, {USA}}" }
@string { l_usa_greenville = "{{Greenville}, {SC}, {USA}}" }
@string { l_usa_flower_mound = "{{Flower Mound}, {TX}, {USA}}" }
@string { l_usa_framingham = "{{Framingham}, {MA}, {USA}}" }
@string { l_usa_hanover = "{{Hanover}, {MD}, {USA}}" }
@string { l_usa_highland_park = "{{Highland Park}, {NJ}, {USA}}" }
@string { l_usa_hoboken = "{{Hoboken}, {NJ}, {USA}}" }
@string { l_usa_huntsville = "{{Huntsville}, {AL}, {USA}}" }
@string { l_usa_indianapolis = "{{Indianapolis}, {IN}, {USA}}" }
@string { l_usa_irvine = "{{Irvine}, {CA}, {USA}}" }
@string { l_usa_ithaca = "{{Ithaca}, {NY}, {USA}}" }
@string { l_usa_lake_buena_vista = "{{Lake Buena Vista}, {FL}, {USA}}" }
@string { l_usa_las_vegas = "{{Las Vegas}, {NV}, {USA}}" }
@string { l_usa_long_beach = "{{Long Beach}, {CA}, {USA}}" }
@string { l_usa_los_alamitos = "{{Los Alamitos}, {CA}, {USA}}" }
@string { l_usa_los_angeles = "{{Los Angeles}, {CA}, {USA}}" }
@string { l_usa_luck = "{{Luck}, {WI}, {USA}}" }
@string { l_usa_malvern = "{{Malvern}, {PA}, {USA}}" }
@string { l_usa_milford = "{{Milford}, {MA}, {USA}}" }
@string { l_usa_milpitas = "{{Milpitas}, {CA}, {USA}}" }
@string { l_usa_minneapolis = "{{Minneapolis}, {MN}, {USA}}" }
@string { l_usa_minneapolis_st_paul = "{{Minneapolis/St.~Paul}, {MN}, {USA}}" }
@string { l_usa_motvale = "{{Montvale}, {NJ}, {USA}}" }
@string { l_usa_mountain_view = "{{Mountain View}, {CA}, {USA}}" }
@string { l_usa_needham = "{{Needham}, {MA}, {USA}}" }
@string { l_usa_new_orleans = "{{New Orleans}, {LA}, {USA}}" }
@string { l_usa_new_york = "{{New York}, {NY}, {USA}}" }
@string { l_usa_newton = "{{Newton}, {MA}, {USA}}" }
@string { l_usa_north_charleston = "{{North Charleston}, {SC}, {USA}}" }
@string { l_usa_norwell = "{{Norwell}, {MA}, {USA}}" }
@string { l_usa_oakland = "{{Oakland}, {CA}, {USA}}" }
@string { l_usa_orlando = "{{Orlando}, {FL}, {USA}}" }
@string { l_usa_palatine = "{{Palatine}, {IL}, {USA}}" }
@string { l_usa_palo_alto = "{{Palo Alto}, {CA}, {USA}}" }
@string { l_usa_paoli = "{{Paoli}, {PA}, {USA}}" }
@string { l_usa_pasadena = "{{Pasadena}, {CA}, {USA}}" }
@string { l_usa_philadelphia = "{{Philadelphia}, {PA}, {USA}}" }
@string { l_usa_piscataway = "{{Piscataway}, {NJ}, {USA}}" }
@string { l_usa_portland_or = "{{Portland}, {OR}, {USA}}" }
@string { l_usa_portland_me = "{{Portland}, {ME}, {USA}}" }
@string { l_usa_princeton = "{{Princeton}, {NJ}, {USA}}" }
@string { l_usa_providence = "{{Providence}, {RI}, {USA}}" }
@string { l_usa_reading = "{{Reading}, {MA}, {USA}}" }
@string { l_usa_redmond = "{{Redmond}, {WA}, {USA}}" }
@string { l_usa_redwood_city = "{{Redwood City}, {CA}, {USA}}" }
@string { l_usa_redwood_shores = "{{Redwood Shores}, {CA}, {USA}}" }
@string { l_usa_reston = "{{Reston}, {VA}, {USA}}" }
@string { l_usa_rochester = "{{Rochester}, {MI}, {USA}}" }
@string { l_usa_salt_lake_city = "{{Salt Lake City}, {UT}, {USA}}" }
@string { l_usa_san_diego = "{{San Diego}, {CA}, {USA}}" }
@string { l_usa_san_francisco = "{{San Francisco}, {CA}, {USA}}" }
@string { l_usa_san_jose = "{{San Jose}, {CA}, {USA}}" }
@string { l_usa_san_mateo = "{{San Mateo}, {CA}, {USA}}" }
@string { l_usa_santa_clara = "{{Santa Clara}, {CA}, {USA}}" }
@string { l_usa_santa_monica = "{{Santa Monica}, {CA}, {USA}}" }
@string { l_usa_savannah = "{{Savannah}, {GA}, {USA}}" }
@string { l_usa_scotts_valley = "{{Scotts Valley}, {CA}, {USA}}" }
@string { l_usa_seattle = "{{Seattle}, {WA}, {USA}}" }
@string { l_usa_sebastopol = "{{Sebastopol}, {CA}, {USA}}" }
@string { l_usa_shaker_heights = "{{Shaker Heights}, {OH}, {USA}}" }
@string { l_usa_shelter_island = "{{Shelter Island}, {NY}, {USA}}" }
@string { l_usa_south_san_francisco = "{{South San Francisco}, {CA}, {USA}}" }
@string { l_usa_springfield = "{{Springfield}, {MA}, {USA}}" }
@string { l_usa_st_louis = "{{St.~Louis}, {MO}, {USA}}" }
@string { l_usa_stanford = "{{Stanford}, {CA}, {USA}}" }
@string { l_usa_studio_city = "{{Studio City}, {CA}, {USA}}" }
@string { l_usa_upper_saddle_river = "{{Upper Saddle River}, {NJ}, {USA}}" }
@string { l_usa_wakefield = "{{Wakefield}, {MA}, {USA}}" }
@string { l_usa_washington_dc = "{{Washington}, {D.C.}, {USA}}" }
@string { l_usa_wilmington = "{{Wilmington}, {DE}, {USA}}" }
@string { l_vatican = "{Vatican}" }
