@collection{PGDG:PD,
 title = {\glslink{postgresql}{PostgreSQL} Documentation},
 edition = {17.4},
 date = {2025-02},
 publisher = p_postgresql_global_development_group,
 url = {https://www.postgresql.org/docs/17/index.html},
 urldate = {2025-02-25},
}

@incollection{PGDG:PD:A,
 title = {Arrays\sqlIdx{ARRAY}},
 chapter = {8.15},
 crossref = {PGDG:PD},
 date = {2025-02-20},
 url = {https://www.postgresql.org/docs/17/arrays.html},
 urldate = {2025-05-08},
}

@incollection{PGDG:PD:AF,
 title = {Aggregate Functions},
 chapter = {9.21},
 crossref = {PGDG:PD},
 date = {2025-02-20},
 url = {https://www.postgresql.org/docs/17/functions-aggregate.html},
 urldate = {2025-02-27},
}

@incollection{PGDG:PD:C,
 title = {Constraints\sqlIdx{CONSTRAINT}},
 chapter = {5.5},
 crossref = {PGDG:PD},
 date = {2025-02-20},
 url = {https://www.postgresql.org/docs/17/ddl-constraints.html},
 urldate = {2025-02-28},
}

@incollection{PGDG:PD:CE,
 title = {Conditional Expressions},
 chapter = {9.18},
 crossref = {PGDG:PD},
 date = {2025-02-20},
 url = {https://www.postgresql.org/docs/17/functions-conditional.html},
 urldate = {2025-05-06},
}

@incollection{PGDG:PD:CQUIE,
 title = {Combining Queries (\sqlilIdx{UNION}, \sqlilIdx{INTERSECT}, \sqlilIdx{EXCEPT})},
 chapter = {7.4},
 crossref = {PGDG:PD},
 date = {2025-02-20},
 url = {https://www.postgresql.org/docs/17/queries-union.html},
 urldate = {2025-02-27},
}

@incollection{PGDG:PD:CS,
 title = {\sqlil{CREATE SEQUENCE}\sqlIdx{CREATE!SEQUENCE}},
 crossref = {PGDG:PD},
 date = {2025-02-20},
 url = {https://www.postgresql.org/docs/current/sql-createsequence.html},
 urldate = {2025-04-22},
}

@incollection{PGDG:PD:CT,
 title = {Character Types},
 chapter = {8.3},
 crossref = {PGDG:PD},
 date = {2025-02-20},
 url = {https://www.postgresql.org/docs/17/datatype-character.html},
 urldate = {2025-02-27},
}

@incollection{PGDG:PD:CT2,
 title = {\sqlil{CREATE TABLE}\sqlIdx{CREATE!TABLE}\sqlIdx{TABLE}},
 crossref = {PGDG:PD},
 date = {2025-02-20},
 url = {https://www.postgresql.org/docs/17/sql-createtable.html},
 urldate = {2025-04-21},
}

@incollection{PGDG:PD:CU,
 title = {Connection \glslink{URI}{URIs}},
 chapter = {32.1.1.2},
 crossref = {PGDG:PD},
 date = {2025-02-20},
 url = {https://www.postgresql.org/docs/17/libpq-connect.html#LIBPQ-CONNSTRING-URIS},
 urldate = {2025-02-25},
}

@incollection{PGDG:PD:CV,
 title = {\sqlil{CREATE VIEW}\sqlIdx{CREATE!VIEW}\sqlIdx{VIEW}},
 chapter = {Part~{VI}.~Reference},
 crossref = {PGDG:PD},
 date = {2025-02-20},
 url = {https://www.postgresql.org/docs/17/sql-createview.html},
 urldate = {2025-03-03},
}

@incollection{PGDG:PD:D,
 title = {\sqlilIdx{DELETE}},
 chapter = {Part~{VI}.~Reference},
 crossref = {PGDG:PD},
 date = {2025-02-20},
 url = {https://www.postgresql.org/docs/17/sql-delete.html},
 urldate = {2025-03-07},
}

@incollection{PGDG:PD:DD,
 title = {\sqlil{DROP DATABASE}\sqlIdx{DROP!DATABASE}},
 chapter = {Part~{VI}.~Reference},
 crossref = {PGDG:PD},
 date = {2025-02-20},
 url = {https://www.postgresql.org/docs/17/sql-dropdatabase.html},
 urldate = {2025-03-05},
}

@incollection{PGDG:PD:DT,
 title = {\sqlil{DROP TABLE}\sqlIdx{DROP!TABLE}},
 chapter = {Part~{VI}.~Reference},
 crossref = {PGDG:PD},
 date = {2025-02-20},
 url = {https://www.postgresql.org/docs/17/sql-droptable.html},
 urldate = {2025-03-05},
}

@incollection{PGDG:PD:DTFAO,
 title = {Date\sqlIdx{DATE}/Time Functions and Operators},
 chapter = {9.9},
 crossref = {PGDG:PD},
 date = {2025-02-20},
 url = {https://www.postgresql.org/docs/17/functions-datetime.html},
 urldate = {2025-05-01},
}

@incollection{PGDG:PD:DTT,
 title = {Date\sqlIdx{DATE}/Time Types},
 chapter = {8.5},
 crossref = {PGDG:PD},
 date = {2025-02-20},
 url = {https://www.postgresql.org/docs/17/datatype-datetime.html},
 urldate = {2025-02-28},
}

@incollection{PGDG:PD:DU,
 title = {\sqlil{DROP USER}\sqlIdx{DROP!USER}},
 chapter = {Part~{VI}.~Reference},
 crossref = {PGDG:PD},
 date = {2025-02-20},
 url = {https://www.postgresql.org/docs/17/sql-dropuser.html},
 urldate = {2025-03-05},
}

@incollection{PGDG:PD:DV,
 title = {\sqlil{DROP VIEW}\sqlIdx{DROP!VIEW}},
 chapter = {Part~{VI}.~Reference},
 crossref = {PGDG:PD},
 date = {2025-02-20},
 url = {https://www.postgresql.org/docs/17/sql-dropview.html},
 urldate = {2025-03-05},
}

@incollection{PGDG:PD:DV2,
 title = {Default Values},
 chapter = {5.2},
 crossref = {PGDG:PD},
 date = {2025-02-20},
 url = {https://www.postgresql.org/docs/current/ddl-default.html},
 urldate = {2025-04-23},
}

@incollection{PGDG:PD:FK,
 title = {Foreign Keys},
 chapter = {5.5.5},
 crossref = {PGDG:PD},
 date = {2025-02-20},
 url = {https://www.postgresql.org/docs/17/ddl-constraints.html#DDL-CONSTRAINTS-FK},
 urldate = {2025-02-28},
}

@incollection{PGDG:PD:GC,
 title = {Generated\sqlIdx{GENERATED} Columns},
 chapter = {5.4},
 crossref = {PGDG:PD},
 date = {2025-02-20},
 url = {https://www.postgresql.org/docs/17/ddl-generated-columns.html},
 urldate = {2025-04-23},
}

@incollection{PGDG:PD:HU,
 title = {History of Units},
 chapter = {B.6},
 crossref = {PGDG:PD},
 date = {2025-02-20},
 url = {https://www.postgresql.org/docs/17/datetime-units-history.html},
 urldate = {2025-03-01},
}

@incollection{PGDG:PD:IC,
 title = {Identity Columns},
 chapter = {5.3},
 crossref = {PGDG:PD},
 date = {2025-02-20},
 url = {https://www.postgresql.org/docs/17/ddl-identity-columns.html},
 urldate = {2025-02-27},
}

@incollection{PGDG:PD:JT,
 title = {Joined Tables\sqlIdx{JOIN}},
 chapter = {7.2.1.1},
 crossref = {PGDG:PD},
 date = {2025-02-20},
 url = {https://www.postgresql.org/docs/17/queries-table-expressions.html#QUERIES-JOIN},
 urldate = {2025-03-01},
}

@incollection{PGDG:PD:LCL,
 title = {\glslink{postgresql}{libpq} -- \glslink{C}{C}~Library},
 chapter = {Part {IV.}~\glslink{client}{Client} Interfaces, Chapter~32},
 crossref = {PGDG:PD},
 date = {2025-02-20},
 url = {https://www.postgresql.org/docs/17/libpq.html},
 urldate = {2025-03-05},
}

@incollection{PGDG:PD:MFAO,
 title = {Mathematical Functions and Operators},
 chapter = {9.3},
 crossref = {PGDG:PD},
 date = {2025-02-20},
 url = {https://www.postgresql.org/docs/17/functions-math.html},
 urldate = {2025-02-27},
}

@incollection{PGDG:PD:P,
 title = {\glslink{psql}{psql} -- \glslink{postgresql}{PostgreSQL} Interactive Terminal},
 chapter = {Part VI.~Reference},
 crossref = {PGDG:PD},
 date = {2025-02-20},
 url = {https://www.postgresql.org/docs/17/app-psql.html},
 urldate = {2025-06-07},
}

@incollection{PGDG:PD:NT,
 title = {Numeric Types},
 chapter = {8.1},
 crossref = {PGDG:PD},
 date = {2025-02-20},
 url = {https://www.postgresql.org/docs/17/datatype-numeric.html},
 urldate = {2025-02-27},
}

@incollection{PGDG:PD:PM,
 title = {Pattern Matching},
 chapter = {9.7},
 crossref = {PGDG:PD},
 date = {2025-02-20},
 url = {https://www.postgresql.org/docs/17/functions-matching.html},
 urldate = {2025-02-27},
}

@incollection{PGDG:PD:PRE,
 title = {{POSIX} \glslink{regex}{Regular Expressions}},
 chapter = {9.7.3},
 crossref = {PGDG:PD},
 date = {2025-02-20},
 url = {https://www.postgresql.org/docs/17/functions-matching.html#FUNCTIONS-POSIX-REGEXP},
 urldate = {2025-02-27},
}

@incollection{PGDG:PD:RAAC,
 title = {Row and Array\sqlIdx{ARRAY} Comparisons},
 chapter = {9.25},
 crossref = {PGDG:PD},
 date = {2025-02-20},
 url = {https://www.postgresql.org/docs/current/functions-comparisons.html},
 urldate = {2025-05-08},
}

@incollection{PGDG:PD:RDFMR,
 title = {Returning Data from Modified Rows},
 chapter = {6.4},
 crossref = {PGDG:PD},
 date = {2025-02-20},
 url = {https://www.postgresql.org/docs/17/dml-returning.html},
 urldate = {2025-04-21},
}

@incollection{PGDG:PD:SC,
 title = {\glslink{SQL}{SQL} Commands},
 chapter = {Part~{VI}.~Reference},
 crossref = {PGDG:PD},
 date = {2025-02-20},
 url = {https://www.postgresql.org/docs/17/sql-commands.html},
 urldate = {2025-02-25},
}

@incollection{PGDG:PD:SC2,
 title = {String Constants},
 chapter = {4.1.2.1.},
 url = {https://www.postgresql.org/docs/17/sql-syntax-lexical.html#SQL-SYNTAX-STRINGS},
 urldate = {2025-08-23},
}

@incollection{PGDG:PD:SC:S,
 title = {\sqlilIdx{SELECT}},
 crossref = {PGDG:PD:SC},
 date = {2025-02-20},
 url = {https://www.postgresql.org/docs/17/sql-select.html},
 urldate = {2025-05-08},
}

@incollection{PGDG:PD:SC:SC,
 title = {\sqlilIdx{SET CONSTRAINTS}},
 crossref = {PGDG:PD:SC},
 date = {2025-02-20},
 url = {https://www.postgresql.org/docs/17/sql-set-constraints.html},
 urldate = {2025-04-10},
}

@incollection{PGDG:PD:SD,
 title = {\glslink{SQL}{SQL}~Dump},
 chapter = {25.1},
 crossref = {PGDG:PD},
 date = {2025-02-20},
 url = {https://www.postgresql.org/docs/17/backup-dump.html},
 urldate = {2025-03-05},
}

@incollection{PGDG:PD:SFAO,
 title = {String Functions and Operators},
 chapter = {9.4},
 crossref = {PGDG:PD},
 date = {2025-02-20},
 url = {https://www.postgresql.org/docs/17/functions-string.html},
 urldate = {2025-05-06},
}

@incollection{PGDG:PD:SKW,
 title = {\glslink{SQL}{SQL} Key Words},
 chapter = {Appendix~{C}},
 crossref = {PGDG:PD},
 date = {2025-02-20},
 url = {https://www.postgresql.org/docs/17/sql-keywords-appendix.html},
 urldate = {2025-07-04},
}

@incollection{PGDG:PD:SMF,
 title = {Sequence Manipulation Functions},
 chapter = {9.17},
 crossref = {PGDG:PD},
 date = {2025-02-20},
 url = {https://www.postgresql.org/docs/17/functions-sequence.html},
 urldate = {2025-04-23},
}

@incollection{PGDG:PD:U,
 title = {\sqlilIdx{UPDATE}},
 chapter = {Part~{VI}.~Reference},
 crossref = {PGDG:PD},
 date = {2025-02-20},
 url = {https://www.postgresql.org/docs/17/sql-update.html},
 urldate = {2025-03-07},
}

@book{PGDG:PJD,
 title = {\glslink{postgresql}{PostgreSQL} {JDBC} Driver},
 date = {2025-01-14},
 publisher = p_postgresql_global_development_group,
 url = {https://jdbc.postgresql.org},
 urldate = {2025-03-05},
}

@incollection{PGDG:T,
 title = {Transactions},
 date = {2025-02-20},
 crossref = {PGDG:PD},
 chapter = {3.4},
 url = {https://www.postgresql.org/docs/17/tutorial-transactions.html},
 urldate = {2025-04-21},
}

@incollection{PGDG:PD:WQCTE,
 title = {\sqlilIdx{WITH} Queries~(\glslink{CTE}{Common Table Expressions})},
 chapter = {7.8},
 crossref = {PGDG:PD},
 date = {2025-02-20},
 url = {https://www.postgresql.org/docs/17/queries-with.html},
 urldate = {2025-04-21},
}
