%% preamble
@preamble{"\providecommand{\glslink}[2]{#2}"}
@preamble{"\providecommand{\pythonil}[1]{\texttt{#1}}"}
@preamble{"\providecommand{\pythonIdx}[1]{}"}
@preamble{"\providecommand{\pythonilIdx}[1]{\pythonil{#1}}"}
@preamble{"\providecommand{\sqlil}[1]{\texttt{#1}}"}
@preamble{"\providecommand{\sqlIdx}[1]{}"}
@preamble{"\providecommand{\sqlilIdx}[1]{\sqlil{#1}}"}
@preamble{"\providecommand{\inQuotes}[1]{``#1''}"}
@preamble{"\providecommand{\githubUser}[1]{\inQuotes{\href{https://github.com/#1}{#1}}}"}

%% basic shortcuts
@string { and = " and " }
@string { andothers = and # "others" }
@string { addr_sep = "{:~}" }

%% months
@string { jan = "{\bibstring{january}}" }
@string { feb = "{\bibstring{february}}" }
@string { mar = "{\bibstring{march}}" }
@string { apr = "{\bibstring{april}}" }
@string { may = "{\bibstring{may}}" }
@string { jun = "{\bibstring{june}}" }
@string { jul = "{\bibstring{july}}" }
@string { aug = "{\bibstring{august}}" }
@string { sep = "{\bibstring{september}}" }
@string { oct = "{\bibstring{october}}" }
@string { nov = "{\bibstring{november}}" }
@string { dec = "{\bibstring{december}}" }
@string { spring = "{\bibstring{spring}}" }
@string { summer = "{\bibstring{summer}}" }
@string { autumn = "{\bibstring{autumn}}" }
@string { winter = "{\bibstring{winter}}" }
