@proceedings{PROC1958AIEEACMIRE,
 editor = a_broomall_john_m,
 title = {Papers and Discussions Presented at the 1958 Eastern Joint Computer Conference. Modern Computers:~Objectives, Designs, Applications~{(AIEE-ACM-IRE)} 1958~{(Eastern)}},
 eventdate = {1958-12-03/1958-12-05},
 venue = l_usa_philadelphia,
 publisher = p_acm,
 address = pa_acm,
 isbn = {978-1-4503-7866-6},
 doi = {10.1145/1458043},
}

@proceedings{PROC1961AFIPS,
 editor = a_ware_willis_h,
 title = {Eastern Joint Computer Conference:~{C}omputers -- Key to Total Systems Control, {(AFIPS'1961, Eastern)}},
 eventdate = {1961-12-12/1961-12-14},
 venue = l_usa_washington_dc,
 publisher = p_acm,
 address = pa_acm,
 date = {1961-12},
 isbn = {978-1-4503-7873-4},
 doi = {10.1145/1460764},
}

@proceedings{PROC1965AFIPS,
 editor = a_rector_robert_w,
 title = {1965~Fall Joint Computer Conference~{(AFIPS'1965, Fall, Part~1)}},
 eventdate = {1965-11-30/1965-12-01},
 venue = l_usa_las_vegas,
 publisher = p_acm,
 address = pa_acm,
 date = {1965-11/1965-12},
 doi = {10.1145/1463891},
 isbn = {978-1-4503-7885-7},
}

@proceedings{PROC1968IFIP1,
 title = {World Congress on Information Processing~({IFIP'1968})},
 eventdate = {1966-08-05/1968-08-10},
 venue = l_uk_edinburgh,
 organization = pa_ifip # addr_sep # p_ifip,
 editor = a_morrell_a_j_h,
 publisher = p_north_holland,
 address = pa_north_holland,
 isbn = {0720420326},
 date = {1969},
 volume = {{1:~Mathematics, Software}},
}

@proceedings{PROC1971DBSCCSS6,
 title = {\glslink{dbs}{Data Base Systems}:~{C}ourant Computer Science Symposium~6},
 editor = a_rustin_randall,
 eventdate = {1971-05-24/1971-05-25},
 venue = l_usa_new_york,
 publisher = p_prentice_hall_englewood,
 address = pa_prentice_hall_englewood,
 date = {1972},
 isbn = {013196741X},
}

@proceedings{PROC1971STOC,
 title = {Proceedings of the Third Annual {ACM} Symposium on Theory of Computing~{(STOC'1971)}},
 eventdate = {1971-05-03/1971-05-05},
 venue = l_usa_shaker_heights,
 editor = a_harrison_michael_a # and # a_banerji_ranan_b # and # a_ullman_jeffrey_d,
 date = {1971},
 publisher = p_acm,
 address = pa_acm,
 isbn = {978-1-4503-7464-4}
}

@proceedings{PROC1971SIGFIDET,
 editor = a_codd_edgar_frank # and # a_dean_jr_albert_l,
 title = {{ACM}~{SIGFIDET} Workshop on Data Description, Access, and Control},
 eventdate = {1971-11-11/1971-11-12},
 venue = l_usa_san_diego,
 publisher = p_acm,
 address = pa_acm,
 isbn = {978-1-4503-7300-5},
}

@proceedings{PROC1974SIGFIDET,
 editor = a_altschuler_gene # and # a_rustin_randall # and # a_plagman_bernard_d,
 title = {1974~{ACM~SIGFIDET} (now {SIGMOD}) Workshop on Data Description, Access and Control},
 eventdate = {1974-05-01/1974-05-03},
 venue = l_usa_ann_arbor,
 publisher = p_acm,
 address = pa_acm,
 date = {1974-05},
 isbn = {978-1-4503-7415-6},
 doi = {10.1145/800296},
}

@proceedings{PROC1975VLDB,
 editor = {Douglas S. Kerr},
 booktitle = {1st~International Conference on Very Large Data Bases~{(VLDB'1975)}},
 eventdate = {1975-09-22/1975-09-24},
 venue = l_usa_framingham,
 publisher = p_acm,
 address = pa_acm,
 isbn = {978-1-4503-3920-9},
}

@proceedings{PROC1976TCOCS,
 title = {Fifth Texas Conference on Computing Systems~({Computing Systems'1976})},
 venue = l_usa_austin,
 eventdate = {1976-10-18/1976-10-19},
 publisher = p_ieee_computer_society_publication_office,
 address = pa_ieee_computer_society_publication_office,
 issn = {0730-8310}
}

@proceedings{PROC1986HPW,
 title = {{ACM}~Conference on The History of Personal Workstations~({HPW'1986})},
 eventdate = {1986-01-09/1986-01-10},
 venue = l_usa_palo_alto,
 date = {1986-01},
 publisher = p_acm,
 address = pa_acm,
 isbn = {978-0-89791-176-4},
 doi = {10.1145/12178},
}

@proceedings{PROC1986ICDE,
 title = {Second International Conference on Data Engineering~({ICDE'1986})},
 eventdate = {1986-02-05/1986-02-07},
 venue = l_usa_los_angeles,
 publisher = p_ieee_computer_society,
 address = pa_ieee_computer_society,
 timestamp = {Thu, 23 Mar 2023 23:59:59 +0100},
 isbn = {0-8186-0655-X},
}

@proceedings{PROC1992SSOAOQSDT,
 title = {Second Symposium on Assessment of Quality Software Development Tools},
 eventdate = {1992-05-27/1992-05-29},
 venue = l_usa_new_orleans,
 publisher = p_ieee_computer_society,
 address = pa_ieee_computer_society,
 isbn = {0-8186-2620-8},
}

@proceedings{PROC2004SERP,
 editor = a_arabnia_hamid_r # and # a_reza_hassan,
 title = {International Conference on Software Engineering Research and Practice~{(SERP'2004)}, Volume~2},
 eventdate = {2004-06-21/2004-06-24},
 venue = l_usa_las_vegas,
 publisher = p_csrea_press,
 address = pa_csrea_press,
 isbn = {1-932415-29-7}
}

@proceedings{PROC2005ICSE,
 editor = a_roman_gruia_catalin # and # a_griswold_william_g # and # a_nuseibeh_bashar,
 booktitle = {27th~International Conference on Software Engineering~{(ICSE'2005)}},
 eventdate = {2005-05-15/2005-05-21},
 venue = l_usa_st_louis,
 issn = {0270-5257},
 publisher = pa_ieee # addr_sep # p_ieee # and # pa_acm # addr_sep # p_acm,
 isbn = {978-1-58113-963-1},
}

@proceedings{PROC2005VLHCC,
 title = {{IEEE}~Symposium on Visual Languages and Human\nobreakdashes-Centric Computing~{(VL/HCC'2005)}},
 eventdate = {2005-09-21/2005-09-24},
 venue = l_usa_dallas,
 editor = a_erwig_martin # and # a_schurr_andy,
 publisher = p_ieee_computer_society,
 address = pa_ieee_computer_society,
 isbn = {0-7695-2443-5},
 issn = {1943-6092},
 date = {2005},
}

@proceedings{PROC2006ACE,
 booktitle = {8th~Australasian Conference on Computing Education~({ACE'2006})},
 eventdate = {2006-01-16/2006-01-19},
 venue = l_australia_hobart,
 editor = a_tolhurst_denise # and # a_mann_samuel,
 isbn = {978-1-920682-34-7},
 date = {2006},
 volume = {52},
 publisher = p_acm,
 address = pa_acm,
}

@proceedings{PROC2006GVD,
 editor = a_brass_stefan # and # a_hinneburg_alexander,
 title = {Tagungsband zum 18.~GI\nobreakdashes-Workshop {\"{u}}ber Grundlagen von Datenbanken. 18th~GI\nobreakdashes-Workshop on the Foundations of \glslink{db}{Databases}},
 venue = l_germany_wittenberg,
 eventdate = {2006-06-06/2006-06-09},
 url = {https://dbs.informatik.uni-halle.de/GvD2006},
 urllink = {2025-04-09},
}

@proceedings{PROC2006RE,
 title = {14th~{IEEE} International Conference on Requirements Engineering~{(RE'2006)}},
 eventdate = {2006-09-11/2006-09-15},
 venue = l_usa_minneapolis_st_paul,
 publisher = p_ieee_computer_society,
 address = pa_ieee_computer_society,
 issn = {1090-705X},
 isbn = {0-7695-2555-5},
}

@proceedings{PROC2007RE,
 title = {15th~{IEEE} International Requirements Engineering Conference~{(RE'2007)}},
 eventdate = {2007-10-15/2007-10-19},
 venue = l_india_new_delhi,
 publisher = p_ieee_computer_society,
 address = pa_ieee_computer_society,
 isbn = {0-7695-2935-6},
 issn = {1090-705X}
}

@proceedings{PROC2008SCSS2,
 editor = a_elleithy_khale_m,
 title = {Advanced Techniques in Computing Sciences and Software Engineering, Volume~{II} of the Proceedings of the 2008~International Conference on Systems, Computing Sciences and Software Engineering~{(SCSS'2008)}, part of the International Joint Conferences on Computer, Information, and Systems Sciences, and Engineering~{(CISSE'2008)}},
 venue = l_usa_bridgeport,
 eventdate = {2008-12-05/2008-12-13},
 publisher = p_springer_dordrecht,
 address = pa_springer_dordrecht,
 date = {2009-12},
 isbn = {978-90-481-3659-9},
 doi = {10.1007/978-90-481-3660-5},
}

@proceedings{PROC2009NAFIPS,
 title = {Annual Meeting of the North American Fuzzy Information Processing Society~{(NAFIPS'2009)}},
 eventdate = {2009-06-14/2009-06-19},
 venue = l_usa_cincinnati,
 publisher = p_ieee,
 address = pa_ieee,
 doi = {10.1109/NAFIPS15046.2009},
 date = {2009},
 isbn = {978-1-4244-4575-2},
}

@proceedings{PROC2011IJCNLPWTIM,
 title = {Workshop on Advances in Text \glslink{IME}{Input Methods}~{(WTIM@IJCNLP)}, part of the International Joint Conference on Natural Language Processing~{(IJCNLP'2011)}},
 eventdate = {2011-11-13},
 venue = l_thailand_chiang_mai,
 editor = a_kazawa_hideto # and # a_suzuki_hisami # and # a_kudo_taku,
 publisher = p_afnlp,
 address = pa_afnlp,
 url = {https://aclanthology.org/W11-35.pdf},
 urldate = {2025-05-08}
}

@proceedings{PROC2012OSS,
 editor = a_hammouda_imed # and # a_lundell_bjorn # and # a_mikkonen_tommi # and # a_scacchi_walt,
 title= {8th~{IFIP}~{WG}~2.13 International Conference on Open Source Systems:~{L}ong-Term Sustainability~{OSS'2012}},
 eventdate = {2012-09-10/2012-09-13},
 venue = l_tunisia_hammamet,
 xdata = {ser_iaiiact},
 date = {2012},
 isbn = {978-3-642-33441-2},
 doi = {10.1007/978-3-642-33442-9}
}

@proceedings{PROC2014CAISE,
 editor = a_jarke_matthias # and # a_mylopoulos_john # and # a_quix_christoph # and # a_rolland_colette # and # a_manolopoulus_yannis # and # a_mouratidis_haralambos # and # a_horkoff_jennifer,
 title = {26th~International Conference on Advanced Information Systems Engineering~({CAiSE'2014})},
 venue = l_greece_thessaloniki,
 eventdate = {2014-06-16/2014-06-20},
 xdata = {ser_lncs},
 volume = {8484},
 publisher = p_springer_cham,
 address = pa_springer_cham,
 isbn = {978-3-319-07880-9},
 doi = {10.1007/978-3-319-07881-6},
}

@proceedings{PROC2015EJC,
 editor = a_welzer_tatjana # and # a_jaakkola_hannu # and # a_thalheim_berhard # and # a_kiyoki_yasushi # and # a_yoshia_naofumi,
 booktitle = {25th~International Conference on Information Modelling and Knowledge Bases~XXVII~{(EJC'2015)}},
 venue = l_slovenia_maribor,
 eventdate = {2015-06-08/2015-06-12},
 xdata = {ser_fiaiaa},
 isbn = {978-1-61499-610-1},
 volume = {280},
}

@proceedings{PROC2016AMCIS,
 title = {22nd Americas Conference on Information Systems~({AMCIS'2016)}},
 venue = l_usa_san_diego,
 eventdate = {2016-08-11/2016-08-14},
 publisher = p_ais,
 address = pa_ais,
}

@proceedings{PROC2016OSDI,
 title = {12th~{USENIX} Symposium on Operating Systems Design and Implementation~({OSDI'2016})},
 eventdate = {2016-11-02/2016-11-04},
 venue = l_usa_savannah,
 editor = a_keeton_kimberly # and # a_roscoe_timothy,
 xdata = {c_osdi},
 date = {2016},
 isbn = {978-1-931971-33-1},
}

@proceedings{PROC2018ESECFSE,
 title = {{ACM}~Joint Meeting on European Software Engineering Conference and Symposium on the Foundations of Software Engineering ({ESEC/SIGSOFT}~{FSE}'2018)},
 eventdate = {2018-11-04/2018-11-09},
 venue = l_usa_lake_buena_vista,
 editor = a_leavens_gary_t # and # a_garcia_alessandro_f # and # a_pasareanu_corina_s,
 publisher = p_acm,
 address = pa_acm,
 date = {2018},
 isbn = {978-1-4503-5573-5},
}

@proceedings{PROC2019NEURIPS,
 title = {Advances in Neural Information Processing Systems~32:~{A}nnual Conference on Neural Information Processing Systems~({NeurIPS'2019})},
 eventdate = {2019-12-08/2019-12-14},
 venue = l_canada_vancouver,
 editor = a_wallach_hanna_m # and # a_larochelle_hugo # and # a_beygelzimer_alina # and # a_d_alche_buc_florence # and # a_fox_emily_b # and # a_garnett_roman,
 date = {2019},
 url = {https://neurips.cc/Conferences/2019},
 urldate = {2024-07-18},
 publisher = p_neurips,
 address = pa_neurips,
 isbn = {9781713807933}
}

@proceedings{PROC2021IECON,
 title = {47th~Annual Conference of the {IEEE} Industrial Electronics Society~({IECON'2021}},
 eventdate = {2021-10-13/2021-10-15},
 venue = l_canada_toronto,
 publisher = p_ieee,
 address = pa_ieee,
 date = {2021-10},
 issn = {2577-1647},
 isbn = {978-1-6654-3554-3},
 doi = {10.1109/IECON48115.2021},
}

@proceedings{PROC2022ASE,
 title = {37th~{IEEE/ACM} International Conference on Automated Software Engineering~{(ASE'2022)}},
 eventdate = {2022-10-10/2022-10-14},
 venue = l_usa_rochester,
 publisher = p_acm,
 address = pa_acm,
 date = {2022},
 isbn = {978-1-4503-9475-8},
}

@proceedings{PROC2022CCECE,
 title = {{IEEE}~Canadian Conference on Electrical and Computer Engineering~{(CCECE'2022)}},
 eventdate = {2022-09-18/2022-09-20},
 venue = l_canada_halifax,
 publisher = p_ieee,
 address = pa_ieee,
 date = {2022},
 doi = {10.1109/CCECE49351.2022},
 isbn = {978-1-6654-8432-9},
}

@proceedings{PROC2023ECOOP,
 title = {37th~European Conference on Object\nobreakdashes-Oriented Programming~{(ECOOP'2023)}},
 eventdate = {2023-07-17/2023-07-21},
 venue = l_usa_seattle,
 editor = a_ali_karim # and # a_salvaneschi_guido,
 xdata = {ser_lipics},
 volume = {263},
 date = {2023},
 isbn = {978-3-95977-281-5},
}

@proceedings{PROC2023GECCO,
 xdata = {c_gecco},
 booktitle = {Conference on Genetic and Evolutionary Computation~{(GECCO'2023)}, Companion Volume},
 eventdate = {2023-07-15/2023-07-19},
 venue = l_portugal_lisbon,
 editor = a_silva_sara # and # a_paquete_luis,
 isbn = {979-8-4007-0120-7},
 date = {2023},
}

@proceedings{PROC2023RE:WS,
 title = {31st~{IEEE} International Requirements Engineering Conference~{(RE'2023)}, Workshops},
 eventdate = {2023-09-04/2023-09-05},
 location = l_germany_hannover,
 editor = a_schneider_kurt # and # a_dalpiaz_fabiano # and # a_horkoff_jennifer,
 publisher = p_ieee,
 address = pa_ieee,
 isbn = {979-8-3503-2692-5},
 issn = {2770-6826}
}
