%% publishers
@string { p_aacs = "{Armchair Airlines Computer Services~{(AACS)}~Inc.}" }
@string { p_aci_learning = "{{ACI} Learning}" }
@string { p_acm = "{Association for Computing Machinery~({ACM})}" }
@string { p_active_state = "{ActiveState Software~Inc.}" }
@string { p_addison_wesley_professional = "{Addison\nobreakdashes-Wesley Professional}" }
@string { p_addison_wesley_longman = "{Addison Wesley Longman Publishing Co.,~Inc.}" }
@string { p_adobe = "{Adobe Systems Incorporated}" }
@string { p_afips_press = "{American Federation of Information Processing Societies~{(AFIPS)}~Press}" }
@string { p_afnlp = "{Asian Federation of Natural Language Processing~{(AFNLP)}}" }
@string { p_ais = "{Association for Information Systems~{(AIS)}}" }
@string { p_alipay_connect = "{Alipay Connect {Pte.}~{Lte.}}" }
@string { p_amacom = "{AMACOM}" }
@string { p_ams = "{American Mathematical Society~({AMS})}" }
@string { p_ansi = "{American National Standards Institute~{(ANSI)}}" }
@string { p_apress = "{Apress Media,~LLC}" }
@string { p_arpa = "{Advanced Research Projects Agency~{(ARPA)}}" }
@string { p_asa_stan = "{American Standards AssociationIncorporated}" }
@string { p_asa_stat = "{American Statistical Association~{(ASA)}}" }
@string { p_astral = "{Astral Software~Inc.}" }
@string { p_baidu = "{Baidu~(百度公司)}" }
@string { p_basex = "{BaseX {GmbH}}" }
@string { p_bell_labs = "{Bell Telephone Laboratories, Incorporated}" }
@string { p_birkhauser_boston = "{Birkh{\"a}user}" }
@string { p_blackwell_publishing = "{Blackwell Publishing~{Ltd}}" }
@string { p_blocshop = "{Blocshop~{s.r.o.}}" }
@string { p_borland = "{Borland International,~Inc.}" }
@string { p_bornsql = "{Born \glslink{SQL}{SQL}}" }
@string { p_brown_university_cs = "{Brown University, Department of Computer Science}" }
@string { p_bruhin_software = "{Bruhin Software}" }
@string { p_bugsink = "{Bugsink~{B.V.}}" }
@string { p_cahners = "{Cahners Publishing Company}" }
@string { p_caltech = "{California Institute of Technology~({Caltech})}" }
@string { p_cambridge_uni_press_ass = "{Cambridge University Press \& Assessment}" }
@string { p_canonical = "{Canonical~Ltd.}" }
@string { p_carnegie_mellon_university_qatar = "{Carnegie Mellon University Qatar}" }
@string { p_catholic_church = "{Catholic Church}" }
@string { p_ccse = "{Canadian Center of Science and Education~{(CCSE)}}" }
@string { p_cengage_learning = "Cengage Learning" }
@string { p_cern = "{European Organization for Nuclear Research~{(CERN)}}" }
@string { p_chart_io = "{Chart.io, Inc.}" }
@string { p_cnri = "{Corporation for National Research Initiatives~({CNRI})}" }
@string { p_codeb = "{{Code~B Solutions~Pvt~Ltd}}" }
@string { p_codeproject = "CodeProject" }
@string { p_computer_history_museum = "{Computer History Museum~{(CHM)}}" }
@string { p_conde_nast = "{Cond{\'e} Nast}" }
@string { p_cornell_university_library = "{Cornell Universiy Library}" }
@string { p_crc_press = "{{CRC} Press,~Inc.}" }
@string { p_createspace = "{{CreateSpace} Independent Publishing Platform}" }
@string { p_csrea_press = "{Computer Science Research, Education, and Applications~{(CSREA)} Press}" }
@string { p_cw_communications = "{{CW}~Communications,~Inc.}" }
@string { p_dartmouth_college = "{Dartmouth College}" }
@string { p_dataversity = "{Dataversity Digital~LLC}" }
@string { p_de_gruyter = "{Walter de~Gruyter {GmbH}}" }
@string { p_deepseek_ai = "{DeepSeek{-}{AI}}"}
@string { p_dev_community = "{{DEV}~Community~{Inc.}}" }
@string { p_devcademy_media = "{DevCademy Media~{Inc.}}" }
@string { p_diy_calculator = "{{DIY}~Calculator}" }
@string { p_document_foundation = "{The Document Foundation}" }
@string { p_drexel_university = "{Drexel University}" }
@string { p_ecma = "{Ecma International}" }
@string { p_elevated_online_services = "{Elevated Online Services PTY Ltd.}" }
@string { p_elsevier = "{Elsevier~B.V.}" }
@string { p_encyclopaedia_britannica_inc = "{Encyclop{\ae}dia Britannica,~Inc.}" }
@string { p_epistle = "{European Process Industries {STEP} Technical Liaison Executive~({EPISTLE})}" }
@string { p_for_dummies = "{For Dummies~(Wiley)}" }
@string { p_fortune_media = "{Fortune Media {IP}~Limited}" }
@string { p_foundry = "{Foundry (formerly~{IDG} Communications,~Inc.)}" }
@string { p_freecodecamp = "Free Code Camp,~Inc."}
@string { p_freie_universitat_berlin = "{Freie Universit{\"a}t Berlin}" }
@string { p_furman_university = "{Furman University}" }
@string { p_future_us_inc = "{Future~{US},~Inc.}" }
@string { p_geeksforgeeks = "{GeeksforGeeks -- Sanchhaya Education Private Limited}" }
@string { p_github = "{\glslink{github}{GitHub}~Inc}" }
@string { p_golem_media = "{Golem Media~GmbH}" }
@string { p_hanser_verlag = "{Carl Hanser Verlag GmbH \& Co.~KG}" }
@string { p_harper_college = "{Harper College}" }
@string { p_harvard_business_school = "{Harvard Business School}" }
@string { p_hefei_university = "{Hefei University~(合肥大学)}" }
@string { p_hefei_university_school_ai = p_hefei_university # "{, School of Artificial Intelligence and Big Data~(人工智能与大数据学院)}" }
@string { p_hefei_university_iao = p_hefei_university_school_ai # "{, Institute of Applied Optimization~(应用优化研究所, IAO)}" }
@string { p_hewlett_packard = "{Hewlett-Packard Company}" }
@string { p_hexasoft_development = "{Hexasoft Development Sdn.~Bhd.}" }
@string { p_hiroshima_university_dep_ie = "{Department of Information Engineering, Hiroshima University}" }
@string { p_hwaci = "{Hipp, Wyrick \& Company,~Inc.~{(Hwaci)}}" }
@string { p_iag_consulting = "{Information Architecture Group~({IAG}) Consulting}" }
@string { p_ibm = "{International Business Machines Corporation~{(IBM)}}" }
@string { p_ibm_press = "{{IBM} Press}" }
@string { p_ibm_redbooks = "{{IBM} Redbooks}" }
@string { p_ibm_research_laboratory_sj = "{{IBM}~Research Laboratory}"}
@string { p_icao = "{International Civil Aviation Organization~({ICAO})}" }
@string { p_icon_computing = "{{ICON} Computing}" }
@string { p_iec = "{International Electrotechnical Commission~{(IEC)}}" }
@string { p_ieee = "{Institute of Electrical and Electronics Engineers~{(IEEE)}}" }
@string { p_ieee_computer_society = "{{IEEE}~Computer Society}" }
@string { p_ieee_computer_society_publication_office = "{{IEEE}~Computer Society Publications Office}" }
@string { p_ietf = "{Internet Engineering Task Force~{(IETF)}}" }
@string { p_ifip = "{International Federation for Information Processing~{(IFIP)}}" }
@string { p_ilogix = "{i\nobreakdashes-Logix}" }
@string { p_infinite_skills = "{Infinite Skills~Inc}" }
@string { p_informs = "{The Institute for Operations Research and the Management Sciences~({INFORMS})}" }
@string { p_inria = "{Institut National de Recherche en Informatique et en Automatique~{(INRIA)}}" }
@string { p_inria_saclay = p_inria # "{ Saclay}" }
@string { p_institute_of_mathematical_statistics = "{Institute of Mathematical Statistics}" }
@string { p_intellicorp = "{{IntelliCorp}}" }
@string { p_international_biometric_society = "{International Biometric Society}" }
@string { p_io_press = "{{I/O}~Press}" }
@string { p_iop_publishing = "{{IOP} Publishing~Ltd}" }
@string { p_ios_press = "{{IOS} Press~{BV}}" }
@string { p_isma_university = "{{ISMA}~University of Applied Sciences}" }
@string { p_iso = "{International Organization for Standardization~{(ISO)}}" }
@string { p_iso_3166 = "{{ISO}~3166 Maintenance Agenc, c/o~}" # p_iso }
@string { p_jetbrains = "{JetBrains}" }
@string { p_kluwer_usa = "{Kluwer Academic Publishers}" }
@string { p_leibniz_zentrum_fur_informatik = "{{Schloss Dagstuhl} -- {Leibniz\nobreakdashes-Zentrum f{\"u}r Informatik}}" }
@string { p_library_of_congress = "{Library of Congress}" }
@string { p_libraries_unlimited = "{Libraries Unlimited}" }
@string { p_librarything = "{LibraryThing,~Inc.}" }
@string { p_logilab = "{Logilab}" }
@string { p_macmillan = "MacMillan" }
@string { p_manning_publications = "{Manning Publications}" }
@string { p_markt_technik = "{Markt+Technik Verlag {GmbH}}" }
@string { p_maria_db = "\glslink{mariadb}{MariaDB}" }
@string { p_martin_luther_university_iocs = "{{Institute of Computer Science}, {Martin\nobreakdashes-Luther\nobreakdashes-Universität Halle\nobreakdashes-Wittenberg}}" }
@string { p_mcgraw_hill = "{McGraw\nobreakdashes-Hill}" }
@string { p_mci_systemhouse = "{{MCI} Systemhouse Corporation}" }
@string { p_merlinux = "{merlinux GmbH}" }
@string { p_merriam_webster = "{Merriam\nobreakdashes-Webster~Inc.}" }
@string { p_microsoft = "{Microsoft Corporation}" }
@string { p_mit = "{Massachusetts Institute of Technology~{(MIT)}}" }
@string { p_mit_computation_center = p_mit # "{ Computation Center}" }
@string { p_mit_press = "{{MIT} Press}" }
@string { p_mitp_verlag = "{mitp Verlags GmbH \& Co.\ KG}" }
@string { p_mjh_life_sciences = "{{MJH}~Life Sciences}" }
@string { p_modern_analyst = "{Modern Analyst Media, LLC}" }
@string { p_morgan_kaufman = "{Morgan Kaufmann Publishers}" }
@string { p_mozilla_corporation = "{Mozilla Corporation}" }
@string { p_mysql_ab = "{\glslink{mysql}{MySQL}~{AB}}" }
@string { p_nasa = "{National Aeronautics and Space Administration~{(NASA)}}" }
@string { p_nasa_asd = "{Astrophysics Science Division~{(ASD)}}, " # p_nasa }
@string { p_neurips = "{The Neural Information Processing Systems Foundation~{(NeurIPS)}}" }
@string { p_nist = "{{U.S.}~Department of Commerce, National Institute of Standards and Technology~{(NIST)}}" }
@string { p_no_starch_press = "{No Starch Press}" }
@string { p_north_holland = "{North\nobreakdashes-Holland Publishing Co.}" }
@string { p_npl = "{National Physical Laboratory~{(NPL)}}" }
@string { p_numfocus = "{{NumFOCUS},~{Inc.}}" }
@string { p_objectime = "ObjecTime Limited" }
@string { p_oclc = "{{Ohio College Library Center}~{(OCLC)}}" }
@string { p_oeis_foundation = "{The {OEIS} Foundation~Inc.}" }
@string { p_omg = "{Object Management Group,~Inc.~({OMG})}" }
@string { p_open_group = "{The Open Group}" }
@string { p_openai = "{OpenAI~Inc.}" }
@string { p_oracle = "{Oracle Corporation}" }
@string { p_oreilly = "{{O'Reilly} Media,~Inc.}" }
@string { p_ovhcloud = "{OVHcloud}" }
@string { p_oxford_university_cl = "{Oxford University Computing Laboratory}" }
@string { p_oxford_university_press = "{Oxford University Press}" }
@string { p_packt = "{Packt Publishing Ltd}" }
@string { p_payhip = "{Payhip}" }
@string { p_pearson_education = "{Pearson Education,~Inc.}" }
@string { p_microsoft_press = "{Microsoft Press}, " # p_pearson_education }
@string { p_pearson_it_certification = "{Pearson {\glslink{IT}{IT}} Certification}" }
@string { p_pergamon_press = "{Pergamon Press Ltd.}" }
@string { p_platinum_technology = "{Platinum Technology~Inc.}" }
@string { p_plos = "{Public Library of Science~{(PLOS)}}" }
@string { p_postgresql_global_development_group = "{The \glslink{postgresql}{PostgreSQL} Global Development Group~{(PGDG)}}" }
@string { p_pragmatic_ai_labs = "{Pragmatic {AI} Labs}" }
@string { p_pragmatic_bookshelf = "{{Pragmatic Bookshelf} {by} {The Pragmatic Programmers, {L.L.C.}}}" }
@string { p_prc_general_administration_of_quality_supervision_inspection_and_quarantine = "{中华人民共和国国家质量监督检验检疫总局~(General Administration of Quality Supervision, Inspection and Quarantine of the People's Republic of China)}" }
@string { p_prc_ministry_of_electronics_industry = "{中华人民共和国电子工业部~(Ministry of Electronics Industry of the People's Republic of China)}" }
@string { p_prc_ministry_of_foreign_affairs = "{中华人民共和国外交部~(Ministry of Foreign Affairs of the People's Republic of China)}" }
@string { p_prc_ministry_of_industry_and_information_technology = "{中华人民共和国工业和信息化部~(Ministry of Industry and Information Technology,~{MIIT})}" }
@string { p_prc_national_bureau_of_technical_supervision = "{国家技术监督局~(National Bureau of Technical Supervision)}" }
@string { p_prc_national_it_standardization_committee = "{中华人民共和国全国信息技术标准化技术委员会~(National Information Technology Standardization Technical Committee of the People's Republic of China)}" }
@string { p_prc_standardization_administration = "{中国国家标准化管理委员会~(Standardization Administration of the People's Republic of China,~{SAC})}" }
@string { p_prc_standards_press = "{中国标准出版社~(Standards Press of China)}" }
@string { p_prc_state_administration_for_market_regulation = "{国家市场监督管理总局~(State Administration for Market Regulation)}" }
@string { p_prc_state_council = "{中华人民共和国国务院~(The State Council of the People's Republic of China)}" }
@string { p_prentice_hall = "{Prentice-Hall}" }
@string { p_prentice_hall_englewood = p_prentice_hall }
@string { p_princeton_university_press = "{Princeton University Press}" }
@string { p_project_gutenberg = "{Project Gutenberg Literary Archive Foundation}" }
@string { p_psycopg_team = "{The \glslink{psycopg}{Psycopg} Team}" }
@string { p_ptech = "{Ptech~Inc.}" }
@string { p_python_morsels = "{\glslink{python}{Python} Morsels}" }
@string { p_python_software_foundation = "{\glslink{python}{Python} Software Foundation~{(PSF)}}" }
@string { p_quickbase = "{Quickbase,~Inc.}" }
@string { p_rand_corporation = "{The {RAND} Corporation}" }
@string { p_rational_software = "{Rational Software Corporation}" }
@string { p_readthedocs_inc = "{Read the Docs,~Inc.}" }
@string { p_redgate_software = "{Red Gate Software~{Ltd.}}" }
@string { p_refsnes_data = "{Refsnes Data~{AS}}" }
@string { p_reich_technologies = "{Reich Technologies}" }
@string { p_romanian_american_university_srd = "{Romanian-American University~({RAU}), Scientific Research Department}" }
@string { p_royal_statistical_society = "{Royal Statistical Society~{(RSS)}}" }
@string { p_runestone_academy = "{Runestone Academy}" }
@string { p_sams = "{{SAMS}~Technical Publishing}" }
@string { p_shell_international_limited = "{Shell International Limited}" }
@string { p_simon_sez_it = "{Simon Sez {\glslink{IT}{IT}}}" }
@string { p_softeam = "{Softeam}" }
@string { p_specialized_systems_consultants = "{Specialized Systems Consultants,~{Inc.}}" }
@string { p_springer_boston = "{Springer}" }
@string { p_springer_cham = "{Springer}" }
@string { p_springer_dordrecht = "{Springer}" }
@string { p_springer_nature_limited = "{Springer Nature Limited}" }
@string { p_scientific_american = "{{Scientific American,~Inc.}, a division of~}" # p_springer_nature_limited }
@string { p_springer_new_york = "{Springer New York}" }
@string { p_springer_science_and_business = "{Springer Science+Business Media}" }
@string { p_springer_verlag = "{Springer\nobreakdashes-Verlag {GmbH} Germany}" }
@string { p_stack_exchange = "{Stack Exchange~Inc.}" }
@string { p_sterling_software = "{Sterling Software}" }
@string { p_story_needle = "{Story Needle}" }
@string { p_sutori = "{Sutori Website Administrator/{HSTRY~LTD.}}" }
@string { p_swiss_federal_veterinary_office_cfphorap = "{Swiss Federal Veterinary Office~({FVO}), Centre for Proper Housing of Ruminants and Pigs}" }
@string { p_take_control_books = "{Take Control Books}" }
@string { p_taskon = "{Taskon~A/S}" }
@string { p_taylor_and_francis = "{Taylor and Francis~Ltd.}" }
@string { p_technical_publishing = "{Technical Publishing~Co.}" }
@string { p_techtarget = "{TechTarget,~Inc.}" }
@string { p_tetras_publishing = "{Tetras Publishing}" }
@string { p_teubner_b_g = "{B.~G.~Teubner}" }
@string { p_the_data_school = "{The Data School}, " # p_chart_io }
@string { p_tidelift = "{Tidelift,~Inc.}" }
@string { p_tiobe = "{{TIOBE} Software~{BV}}" }
@string { p_tosid = "{{TOSID} Group Pty~Ltd}" }
@string { p_trend_pro_co = "{Trend\nobreakdashes-Pro~Co,~Ltd.}" }
@string { p_typis_academiae = "{Typis Academiae}" }
@string { p_uc_davis = "{University of California, Davis}" }
@string { p_uc_irvine = "{University of California, Irvine}" }
@string { p_ucla = "{University of California -- Los Angeles~({UCLA})}" }
@string { p_ukri_stfc = "{{Science and Technology Facilities Council~{(STFC)}}, {UK~Research and Innovation~{(UKRI)}}}" }
@string { p_unicode_consortium = "{The \glslink{unicode}{Unicode} Consortium}" }
@string { p_unisys = "{Unisys Corporation}" }
@string { p_universidad_del_pais_vasco = "{{Universidad del Pa{\'i}s Vasco} / {Euskal Herriko Unibertsitatea}}" }
@string { p_universitat_heidelberg_ifam = "{{Universit{\"a}t Heidelberg}, {Institut f{\"u}r Angewandte Mathematik}}" }
@string { p_university_of_minnesota = "{University of Minnesota -- Twin Cities}" }
@string { p_university_of_minnesota_miscrcsm = "Management Information Systems Research Center, Carlson School of Management, " # p_university_of_minnesota }
@string { p_university_of_missouri_st_louis = "{University of Missouri\nobreakdashes-St.~Louis}" }
@string { p_university_of_north_iowa = "{University of Northern Iowa}" }
@string { p_university_of_south_carolina = "{University of South Carolina}" }
@string { p_university_of_southern_california = "{University of Southern California~{(UCS)}}" }
@string { p_university_of_st_andrews_somas = "{{University of St~Andrews}, {School of Mathematics and Statistics}}" }
@string { p_university_of_texas_austin = "{The University of Texas at Austin}" }
@string { p_university_of_toronto_cs = "{{Department of Computer Science}, {University of Toronto}}" }
@string { p_university_of_washington = "{University of Washington}" }
@string { p_us_department_of_commerce_national_bureau_of_standards_icsat = "{{U.S.}~Department of Commerce, National Bureau of Standards, Center for Programming Science and Technology, Institute for Computer Sciences and Technology}" }
@string { p_us_patent_office = "{United States Patent Office}" }
@string { p_usas = "{United States of America Standards Institute~{(USAS)}}" }
@string { p_usenix = "{{USENIX} Association}" }
@string { p_ustc = "{University of Science and Technology of China~{(USTC, 中国科学技术大学)}}" }
@string { p_ustc_scst = p_ustc # "{,~School of Computer Science and Technology~(计算机科学与技术学院)}" }
@string { p_ustc_scst_nical = p_ustc_scst # "{,~Nature Inspired Computation and Applications Laboratory~{(NICAL)}}" }
@string { p_vldb_endowment = "{Very Large Data Bases Endowment~Inc.}" }
@string { p_vogel_communications = "{Vogel Communications Group GmbH \& Co.~{KG}}" }
@string { p_w3c = "{World Wide Web Consortium~{(W3C)}}" }
@string { p_wiley = "{Wiley}" }
@string { p_wiley_and_sons_ltd = "{John Wiley and Sons~Ltd.}" }
@string { p_wiley_interscience = "{Wiley Interscience}" }
@string { p_wiley_vch = "{Wiley\nobreakdashes-VCH~GmbH}" }
@string { p_wolfram_research = "{Wolfram Research,~Inc.}" }
@string { p_world_wide_web_project = "World Wide Web project, " # p_cern }
@string { p_xerox_parc = "{{Xerox} Palo Alto Research Center~{(PARC)}}" }
@string { p_yaml_language_development_team = "{\glslink{YAML}{YAML} Language Development Team}" }
@string { p_yottab = "{YottaDB,~{LLC.}}" }
@string { p_yworks = "{yWorks~GmbH}" }
