@collection{PCPI,
 title = {\glslink{python}{python}/cpython Issues},
 publisher = p_github,
 address = pa_github,
 url = {https://github.com/python/cpython/issues},
 urldate = {2025-08-04},
}

@incollection{PCPI:IFSIFO,
 author = a_smith_eric_v,
 title = {Improve \glslink{fstring}{f\nobreakdashes-string} implementation:~\texttt{FORMAT\_VALUE} opcode~\#69669},
 date = {2015-10-26/2015-11-02},
 crossref = {PCPI},
 url = {https://github.com/python/cpython/issues/69669},
 urldate = {2025-08-04},
}

@book{PD2024PD,
 title = {\glslink{pip}{pip} Documentation~v24.3.1},
 author = a_pip_developers,
 date = {2024-10-27},
 publisher = p_python_software_foundation,
 address = pa_python_software_foundation,
 url = {https://pip.pypa.io},
 urldate = {2024-12-25},
}

@inbook{PD2024PD:RFF,
 title = {Requirements File Format},
 crossref = {PD2024PD},
 url = {https://pip.pypa.io/en/stable/reference/requirements-file-format},
 urldate = {2024-12-25},
}

@techreport{PEP0,
 author = a_pep_editors,
 title = {Index of \glslink{python}{Python} Enhancement Proposals~{(PEPs)}},
 xdata = {rep_pep},
 number = {0},
 date = {2000-07-13},
 url = {https://peps.python.org},
 urldate = {2025-04-17}
}

@techreport{PEP8,
 author = a_van_rossum_guido # and # a_warsaw_barry # and # a_coghlan_alyssa,
 title = {Style Guide for \glslink{python}{Python} Code},
 xdata = {rep_pep},
 number = {8},
 date = {2001-07-05},
 url = {https://peps.python.org/pep-0008},
 urldate = {2024-07-27}
}

@techreport{PEP20,
 author = a_peters_tim,
 title = {The Zen of \glslink{python}{Python}},
 xdata = {rep_pep},
 number = {20},
 date = {2004-08-19/2004-08-22},
 url = {https://peps.python.org/pep-0020},
 urldate = {2025-08-03}
}

@techreport{PEP202,
 author = a_warsaw_barry,
 title = {List\pythonIdx{list!comprehension}\pythonIdx{comprehension!list} Comprehensions},
 xdata = {rep_pep},
 number = {202},
 date = {2000-07-13},
 url = {https://peps.python.org/pep-0202},
 urldate = {2024-11-08}
}

@techreport{PEP207,
 author = a_van_rossum_guido # and # a_ascher_david,
 title = {Rich Comparisons},
 number = {207},
 date = {2000-07-25},
 xdata = {rep_pep},
 url = {https://peps.python.org/pep-0207},
 urldate = {2024-12-08},
}

@techreport{PEP234,
 author = a_yee_ka_ping # and # a_van_rossum_guido,
 title = {\pythonilsIdx{Iterator}},
 xdata = {rep_pep},
 number = {234},
 date = {2001-01-30/2001-04-30},
 url = {https://peps.python.org/pep-0234},
 urldate = {2025-02-02}
}

@techreport{PEP238,
 author = a_zadka_moshe # and # a_van_rossum_guido,
 title = {Changing the Division Operator},
 xdata = {rep_pep},
 number = {238},
 date = {2001-03-11/2001-07-27},
 url = {https://peps.python.org/pep-0238},
 urldate = {2025-07-28}
}

@techreport{PEP249,
 author = a_lemburg_marc_andre,
 title = {\glslink{python}{Python} \glslink{db}{Database} \glslink{API}{API} Specification~v2.0},
 xdata = {rep_pep},
 number = {249},
 date = {1999-04-12},
 url = {https://peps.python.org/pep-0249},
 urldate = {2025-02-02}
}

@techreport{PEP255,
 author = a_schemenauer_neil # and # a_peters_tim # and # a_hetland_magnus_lie,
 title = {Simple \pythonilsIdx{Generator}},
 xdata = {rep_pep},
 number = {255},
 date = {2001-05-18},
 url = {https://peps.python.org/pep-0255},
 urldate = {2024-11-08}
}

@techreport{PEP257,
 title = {\glslink{docstring}{Docstring} Conventions},
 author = a_goodger_david # and # a_van_rossum_guido,
 number = {257},
 xdata = {rep_pep},
 date = {2001-05-29/2001-06-13},
 url = {https://peps.python.org/pep-0257},
 urldate = {2024-07-27},
}

@techreport{PEP274,
 author = a_warsaw_barry,
 title = {Dict Comprehensions\pythonIdx{dict!comprehension}\pythonIdx{comprehension!dict}},
 xdata = {rep_pep},
 number = {274},
 date = {2001-10-25},
 url = {https://peps.python.org/pep-0274},
 urldate = {2024-11-08}
}

@techreport{PEP279,
 author = a_hettinger_raymond,
 title = {The \pythonil{enumerate()}\pythonIdx{enumerate} Built-In Function},
 xdata = {rep_pep},
 number = {279},
 date = {2002-01-30},
 url = {https://peps.python.org/pep-0279},
 urldate = {2025-09-02}
}

@techreport{PEP287,
 author = a_goodwin_michael,
 title = {reStructuredText \glslink{docstring}{Docstring} Format},
 date = {2002-03-25/2002-04-02},
 number = {PEP287},
 url = {https://peps.python.org/pep-0287},
 urldate = {2024-12-12},
}

@techreport{PEP289,
 author = a_hettinger_raymond,
 title = {\pythonilIdx{Generator} Expressions},
 xdata = {rep_pep},
 number = {274},
 date = {2002-01-30},
 url = {https://peps.python.org/pep-0289},
 urldate = {2024-11-08}
}

@techreport{PEP308,
 author = a_van_rossum_guido # and # a_hettinger_raymond,
 title = {Conditional Expressions},
 xdata = {rep_pep},
 number = {308},
 date = {2003-02-07/2003-02-11},
 url = {https://peps.python.org/pep-0308},
 urldate = {2025-08-31},
}

@techreport{PEP343,
 author = a_van_rossum_guido # and # a_coghlan_alyssa,
 title = {The \inQuotes{\pythonilIdx{with}} Statement},
 xdata = {rep_pep},
 number = {343},
 date = {2005-05-13/2006-07-30},
 url = {https://peps.python.org/pep-0343},
 urldate = {2024-12-15},
}

@techreport{PEP362,
 author = a_cannon_brett # and # a_seo_jiwon # and # a_selivanov_yury # and # a_hastings_larry,
 title = {Function \glslink{signature}{Signature}\pythonIdx{signature} Object},
 date = {2006-08-21/2012-06-04},
 xdata = {rep_pep},
 number = {362},
 url = {https://peps.python.org/pep-0362},
 urldate = {2024-12-12},
}

@techreport{PEP405,
 author = a_meyer_carl,
 title = {\glslink{python}{Python} \glslink{virtualEnvironment}{Virtual Environments}},
 number = {405},
 xdata = {rep_pep},
 date = {2011-06-13/2012-05-24},
 url = {https://peps.python.org/pep-0405},
 urldate = {2024-12-25},
}

@techreport{PEP482,
 author = a_langa_lukasz,
 title = {Literature Overview for \glslink{typeHint}{Type Hints}},
 number = {482},
 xdata = {rep_pep},
 date = {2015-01-08},
 url = {https://peps.python.org/pep-0482},
 urldate = {2024-10-09},
}

@techreport{PEP484,
 title = {\glslink{typeHint}{Type Hints}},
 author = a_van_rossum_guido # and # a_langa_lukasz,
 number = {484},
 xdata = {rep_pep},
 date = {2014-09-29},
 url = {https://peps.python.org/pep-0484},
 urldate = {2024-08-22},
}

@techreport{PEP485,
 title = {A Function for Testing Approximate Equality\pythonIdx{isclose}},
 author = a_barker_christopher,
 number = {485},
 xdata = {rep_pep},
 date = {2015-01-20},
 url = {https://peps.python.org/pep-0485},
 urldate = {2024-09-02},
}

@techreport{PEP498,
 author = a_smith_eric_v,
 title = {Literal String \glslink{strinterpolation}{Interpolation}},
 xdata = {rep_pep},
 number = {498},
 date = {2016-11-06/2023-09-09},
 url = {https://peps.python.org/pep-0498},
 urldate = {2024-07-25},
}

@techreport{PEP515,
 author = a_brandl_georg # and # a_storchaka_serhiy,
 title = {Underscores in Numeric Literals},
 xdata = {rep_pep},
 number = {515},
 date = {2016-02-10},
 url = {https://peps.python.org/pep-0515},
 urldate = {2024-09-23},
}

@techreport{PEP585,
 author = a_langa_lukasz,
 title = {\glslink{typeHint}{Type Hinting} Generics In Standard Collections},
 xdata = {rep_pep},
 number = {585},
 date = {2019-03-03},
 url = {https://peps.python.org/pep-0585},
 urldate = {2024-10-09},
}

@techreport{PEP586,
 author = a_lee_michael # and # a_levkivskyi_ivan # and # a_lehtosalo_jukka,
 title = {\glslink{literal}{Literal} Types},
 xdata = {rep_pep},
 number = {586},
 date = {2019-03-14},
 url = {https://peps.python.org/pep-0586},
 urldate = {2024-12-17},
}

@techreport{PEP591,
 author = a_sullivan_michael_j # and # a_levkivskyi_ivan,
 title = {Adding a \pythonilIdx{Final} Qualifier to \pythonilIdx{typing}\pythonIdx{typing!Final}},
 xdata = {rep_pep},
 number = {591},
 date = {2019-03-15},
 url = {https://peps.python.org/pep-0591},
 urldate = {2024-11-19}
}

@techreport{PEP604,
 author = a_prados_philippe # and # a_moss_maggie,
 title = {Allow Writing Union Types as \pythonil{X | Y}\pythonIdx{\textbar}},
 xdata = {rep_pep},
 number = {604},
 date = {2019-08-28},
 url = {https://peps.python.org/pep-0604},
 urldate = {2024-10-09},
}

@techreport{PEP612,
 author = a_mendoza_mark,
 title = {Parameter Specification Variables},
 xdata = {rep_pep},
 number = {612},
 date = {2019-12-18/2020-07-13},
 url = {https://peps.python.org/pep-0612},
 urldate = {2024-10-09},
}

@techreport{PEP618,
 author = a_bucher_brand,
 title = {Add Optional Length\nobreakdashes-Checking To \pythonilIdx{zip}},
 xdata = {rep_pep},
 number = {618},
 date = {2020-05-01},
 url = {https://peps.python.org/pep-0618},
 urldate = {2024-11-09}
}

@techreport{PEP635,
 author = a_kohn_tobias # and # a_van_rossum_guido,
 title = {Structural Pattern Matching:~{M}otivation and Rationale},
 xdata = {rep_pep},
 number = {635},
 date = {2020-09-12/2021-02-08},
 url = {https://peps.python.org/pep-0635},
 urldate = {2024-09-23},
}

@techreport{PEP673,
 author = a_srinivasan_pradeep_kumar # and # a_hilton_balfe_james,
 title = {\pythonilIdx{Self}\pythonIdx{typing!Self} Type},
 number = {673},
 xdata = {rep_pep},
 date = {2021-11-10/2021-11-17},
 url = {https://peps.python.org/pep-0673},
 urldate = {2024-12-17},
}

@techreport{PEP675,
 author = a_srinivasan_pradeep_kumar # and # a_bleaney_graham,
 title = {Arbitrary Literal String\pythonIdx{LiteralString} Type},
 editor = a_zijlstra_jelle,
 number = {675},
 xdata = {rep_pep},
 date = {2021-11-30/2022-02-07},
 url = {https://peps.python.org/pep-0675},
 urldate = {2025-03-04},
}

@techreport{PEP754,
 author = a_warnes_gregory_r,
 title = {{IEEE~754} Floating Point Special Values~[Rejected]},
 number = {754},
 xdata = {rep_pep},
 date = {2003-03-28},
 url = {https://peps.python.org/pep-0754},
 urldate = {2024-12-08},
}

@techreport{PEP760,
 author = a_galindo_pablo # and # a_cannon_brett,
 title = {No More Bare Excepts\pythonIdx{except}},
 number = {760},
 xdata = {rep_pep},
 date = {2024-10-02/2024-10-09},
 url = {https://peps.python.org/pep-0760},
 urldate = {2025-09-10},
 addendum = {Status:~Withdrawn, due to backward compatibility breakage, see \url{https://discuss.python.org/t/pep-760-no-more-bare-excepts} visited on 2024-09-10. But it has many good references on why we should not just \pythonilIdx{except} any possible \pythonilsIdx{Exception}.}
}

@techreport{PEP3107,
 author = a_winter_collin # and # a_lownds_tony,
 title = {Function Annotations},
 date = {2006-12-02},
 xdata = {rep_pep},
 url = {https://peps.python.org/pep-3107},
 urldate = {2024-12-12},
}

@techreport{PEP3140,
 author = a_broytman_oleg # and # a_jewet_jim_j,
 title = {\pythonil{str(container)}\pythonIdx{str} should call~\pythonil{str(item)}, not~\pythonil{repr(item)}\pythonIdx{repr}~[Rejected]},
 number = {3140},
 xdata = {rep_pep},
 date = {2008-05-27/2008-05-28},
 url = {https://peps.python.org/pep-3140},
 urldate = {2024-12-08},
}

@techreport{PEP3141,
 author = a_yasskin_jeffrey,
 title = {A Type Hierarchy for Numbers},
 number = {3141},
 xdata = {rep_pep},
 date = {2007-04-25/2007-08-02},
 url = {https://peps.python.org/pep-3141},
 urldate = {2025-07-28},
}

@techreport{PEP3333,
 author = a_eby_phillip_j,
 title = {\glslink{python}{Python} Web \glslink{server}{Server} Gateway Interface~v1.0.1},
 number = {3333},
 xdata = {rep_pep},
 date = {2010-09-26/2010-10-04},
 url = {https://peps.python.org/pep-3333},
 urldate = {2025-03-04},
}

@book{PSF:P,
 title = {\glslink{python}{python}\texttrademark},
 date = {2001/2025},
 publisher = p_python_software_foundation,
 address = pa_python_software_foundation,
 url = {https://python.org},
 urldate = {2025-04-17},
}

@mvbook{PSF:P3D,
 title = {\glslink{python}{Python}~3 Documentation},
 date = {2001/2025},
 publisher = p_python_software_foundation,
 address = pa_python_software_foundation,
 url = {https://docs.python.org/3},
 urldate = {2024-07-05},
}

@book{PSF:P3D:G,
 title = {Glossary},
 crossref = {PSF:P3D},
 url = {https://docs.python.org/3/glossary.html},
 urldate = {2025-09-16},
}

@inbook{PSF:P3D:G:I1,
 title = {\pythonilIdx{Iterable}},
 crossref = {PSF:P3D:G},
 url = {https://docs.python.org/3/glossary.html#term-iterable},
 urldate = {2025-09-16},
}

@inbook{PSF:P3D:G:I2,
 title = {\pythonilIdx{Iterator}},
 crossref = {PSF:P3D:G},
 url = {https://docs.python.org/3/glossary.html#term-iterator},
 urldate = {2025-09-16},
}

@book{PSF:P3D:IPM,
 title = {Installing \glslink{python}{Python} Modules},
 crossref = {PSF:P3D},
 url = {https://docs.python.org/3/installing},
 urldate = {2024-08-17},
}

@book{PSF:P3D:PH,
 title = {\glslink{python}{Python}~{HOWTOs}},
 crossref = {PSF:P3D},
 url = {https://docs.python.org/3/howto},
 urldate = {2025-04-27},
}

@book{PSF:P3D:PH:REH,
 author = a_kuchling_andrew_m,
 title = {\glslink{regex}{Regular Expression} {HOWTO}},
 crossref = {PSF:P3D:PH},
 url = {https://docs.python.org/3/howto/regex.html},
 urldate = {2024-11-01},
}

@book{PSF:P3D:PSAU,
 title = {\glslink{python}{Python} Setup and Usage},
 crossref = {PSF:P3D},
 url = {https://docs.python.org/3/using},
 urldate = {2024-07-05},
}

@book{PSF:P3D:TPLR,
 title = {The \glslink{python}{Python} Language Reference},
 crossref = {PSF:P3D},
 url = {https://docs.python.org/3/reference},
 urldate = {2025-04-27},
}

@inbook{PSF:P3D:TPLR:D,
 title = {Dictionaries\pythonIdx{dict}},
 chapter = {3.2.7.1},
 crossref = {PSF:P3D:TPLR},
 url = {https://docs.python.org/3/reference/datamodel.html#dictionaries},
 urldate = {2024-08-27},
}

@inbook{PSF:P3D:TPLR:DM,
 title = {Data Model},
 chapter = {3},
 crossref = {PSF:P3D:TPLR},
 url = {https://docs.python.org/3/reference/datamodel.html},
 urldate = {2024-08-22},
}

@inbook{PSF:P3D:TPLR:ES,
 title = {\glslink{escapeSequence}{Escape Sequences}},
 chapter = {2.4.1.1.},
 crossref = {PSF:P3D:TPLR},
 url = {https://docs.python.org/3/reference/lexical_analysis.html#escape-sequences},
 urldate = {2025-08-05},
}

@inbook{PSF:P3D:TPLR:L,
 title = {Lambda\pythonIdx{lambda}},
 chapter = {6.14.},
 crossref = {PSF:P3D:TPLR},
 url = {https://docs.python.org/3/reference/expressions.html#lambda},
 urldate = {2024-10-09},
}

@inbook{PSF:P3D:TPLR:OH,
 title = {\pythonil{object.__hash__(self)}\pythonIdx{\_\_hash\_\_}},
 crossref = {PSF:P3D:TPLR},
 url = {https://docs.python.org/3/reference/datamodel.html#object.__hash__},
 urldate = {2024-12-09},
}

@inbook{PSF:P3D:TPLR:OVAT,
 title = {Objects\pythonIdx{object}, Values and Types},
 chapter = {3.1},
 crossref = {PSF:P3D:TPLR},
 url = {https://docs.python.org/3/reference/datamodel.html#objects-values-and-types},
 urldate = {2024-12-07}
}

@inbook{PSF:P3D:TPLR:S,
 title = {Sequences},
 crossref = {PSF:P3D:TPLR},
 chapter = {3.2.5},
 url = {https://docs.python.org/3/reference/datamodel.html#sequences},
 urldate = {2024-08-24},
}

@inbook{PSF:P3D:TPLR:ST,
 title = {Set\pythonIdx{set} Types},
 chapter = {3.2.6},
 crossref = {PSF:P3D:TPLR},
 url = {https://docs.python.org/3/reference/datamodel.html#set-types},
 urldate = {2024-08-27},
}

@inbook{PSF:P3D:TPLR:TIS,
 title = {The Import\pythonIdx{import} System},
 chapter = {5},
 crossref = {PSF:P3D:TPLR},
 url = {https://docs.python.org/3/reference/import.html},
 urldate = {2024-10-01}
}

@inbook{PSF:P3D:TPLR:TWS,
 title = {The \pythonilIdx{with} Statement},
 chapter = {8.5},
 crossref = {PSF:P3D:TPLR},
 url = {https://docs.python.org/3/reference/compound_stmts.html#with},
 urldate = {2024-12-15},
}

@inbook{PSF:P3D:TPLR:WSCM,
 title = {With\pythonIdx{with} Statement Context Managers},
 chapter = {3.3.9.},
 crossref = {PSF:P3D:TPLR},
 url = {https://docs.python.org/3/reference/datamodel.html#with-statement-context-managers},
 urldate = {2024-12-15},
}

@book{PSF:P3D:TPSL,
 title = {The \glslink{python}{Python} Standard Library},
 crossref = {PSF:P3D},
 url = {https://docs.python.org/3/library},
 urldate = {2025-04-27},
}

@inbook{PSF:P3D:TPSL:ACO,
 title = {Annotating \pythonilIdx{Callable} Objects},
 crossref = {PSF:P3D:TPSL},
 url = {https://docs.python.org/3/library/typing.html#annotating-callables},
 urldate = {2024-10-09},
}

@inbook{PSF:P3D:TPSL:BIC,
 title = {Built\nobreakdashes-in Constants},
 crossref = {PSF:P3D:TPSL},
 url = {https://docs.python.org/3/library/constants.html},
 urldate = {2024-12-09},
}

@inbook{PSF:P3D:TPSL:BIE,
 title = {Built\nobreakdashes-in \pythonilsIdx{Exception}},
 crossref = {PSF:P3D:TPSL},
 url = {https://docs.python.org/3/library/exceptions.html},
 urldate = {2024-10-29},
}

@inbook{PSF:P3D:TPSL:BIF,
 title = {Built\nobreakdashes-in Functions},
 crossref = {PSF:P3D:TPSL},
 url = {https://docs.python.org/3/library/functions.html},
 urldate = {2024-12-09},
}

@inbook{PSF:P3D:TPSL:BIT,
 title = {Built\nobreakdashes-in Types},
 crossref = {PSF:P3D:TPSL},
 url = {https://docs.python.org/3/library/stdtypes.html},
 urldate = {2024-08-22},
}

@inbook{PSF:P3D:TPSL:BIT:IT,
 title = {Built\nobreakdashes-in Types:~\pythonilIdx{Iterator} Types},
 crossref = {PSF:P3D:TPSL},
 url = {https://docs.python.org/3/library/stdtypes.html#iterator-types},
 urldate = {2025-09-16},
}

@inbook{PSF:P3D:TPSL:CAABCFC,
 title = {\pythonilIdx{collections.abc} -- Abstract Base Classes for Containers},
 crossref = {PSF:P3D:TPSL},
 url = {https://docs.python.org/3/library/collections.abc.html},
 urldate = {2024-08-22},
}

@inbook{PSF:P3D:TPSL:CCFRAW,
 title = {\pythonilIdx{csv} -- \glslink{CSV}{CSV} File Reading and Writing},
 crossref = {PSF:P3D:TPSL},
 url = {https://docs.python.org/3/library/csv.html},
 urldate = {2024-11-14},
}

@inbook{PSF:P3D:TPSL:CUFWSC,
 title = {\pythonilIdx{contextlib} -- Utilities for \pythonilIdx{with}\nobreakdashes-Statement Contexts},
 crossref = {PSF:P3D:TPSL},
 url = {https://docs.python.org/3/library/contextlib.html},
 urldate = {2024-11-01},
}

@inbook{PSF:P3D:TPSL:DTIPE,
 title = {\glslink{doctest}{Doctest} -- Test Interactive \glslink{python}{Python} Examples},
 crossref = {PSF:P3D:TPSL},
 url = {https://docs.python.org/3/library/doctest.html},
 urldate = {2024-11-07},
}

@inbook{PSF:P3D:TPSL:FRN,
 title = {\pythonilIdx{fractions} -- \glslink{rationalNumbers}{Rational Numbers}},
 crossref = {PSF:P3D:TPSL},
 url = {https://docs.python.org/3/library/fractions.html},
 urldate = {2024-12-12}
}

@inbook{PSF:P3D:TPSL:IFCIFEL,
 title = {\pythonilIdx{itertools} -- Functions Creating \pythonilsIdx{Iterator} for Efficient Looping},
 crossref = {PSF:P3D:TPSL},
 url = {https://docs.python.org/3/library/itertools.html},
 urldate = {2024-11-09},
}

@inbook{PSF:P3D:TPSL:MMF,
 title = {\pythonilIdx{math}~--~{M}athematical functions},
 crossref = {PSF:P3D:TPSL},
 url = {https://docs.python.org/3/library/math.html},
 urldate = {2025-04-27},
}

@inbook{PSF:P3D:TPSL:NTIFC,
 title = {Numeric Types -- \pythonilIdx{int}, \pythonilIdx{float}, \pythonilIdx{complex}},
 crossref = {PSF:P3D:TPSL},
 url = {https://docs.python.org/3/library/stdtypes.html#typesnumeric},
 urldate = {2024-07-05},
}

@inbook{PSF:P3D:TPSL:RREO,
 title = {\pythonilIdx{re} -- \glslink{regex}{Regular Expression} Operations},
 crossref = {PSF:P3D:TPSL},
 url = {https://docs.python.org/3/library/re.html#module-re},
 urldate = {2024-11-01},
}

@inbook{PSF:P3D:TPSL:STSF,
 title = {Set Types -- \pythonilIdx{set}, \pythonilIdx{frozenset}},
 crossref = {PSF:P3D:TPSL},
 url = {https://docs.python.org/3/library/stdtypes.html#set},
 urldate = {2024-08-27},
}

@inbook{PSF:P3D:TPSL:TMETOSCS,
 title = {\pythonilIdx{timeit} -- Measure Execution Time of Small Code Snippets},
 crossref = {PSF:P3D:TPSL},
 url = {https://docs.python.org/3/library/timeit.html},
 urldate = {2024-11-07},
}

@inbook{PSF:P3D:TPSL:TSTS,
 title = {Text Sequence Type -- \pythonilIdx{str}},
 crossref = {PSF:P3D:TPSL},
 url = {https://docs.python.org/3/library/stdtypes.html#textseq},
 urldate = {2024-07-25},
}

@inbook{PSF:P3D:TPSL:VCOVE,
 title = {\glslink{venv}{\pythonilIdx{venv}} -- Creation of \glslink{virtualEnvironment}{Virtual Environments}},
 crossref = {PSF:P3D:TPSL},
 url = {https://docs.python.org/3/library/venv.html},
 urldate = {2024-12-25},
}

@book{PSF:P3D:TPT,
 title = {The \glslink{python}{Python} Tutorial},
 crossref = {PSF:P3D},
 url = {https://docs.python.org/3/tutorial},
 urldate = {2025-04-26}
}

@inbook{PSF:P3D:TPT:AIITP,
 title = {An Informal Introduction to \glslink{python}{Python}},
 crossref = {PSF:P3D:TPT},
 url = {https://docs.python.org/3/tutorial/introduction.html},
 urldate = {2025-07-11}
}

@inbook{PSF:P3D:TPT:C,
 title = {Classes},
 chapter = {9},
 crossref = {PSF:P3D:TPT},
 url = {https://docs.python.org/3/tutorial/classes.html},
 urldate = {2025-09-19},
}

@inbook{PSF:P3D:TPT:FPAIAL,
 title = {Floating\nobreakdashes-Point Arithmetic:~Issues and Limitations},
 chapter = {15},
 crossref = {PSF:P3D:TPT},
 url = {https://docs.python.org/3/tutorial/floatingpoint.html},
 urldate = {2024-12-08},
}

@inbook{PSF:P3D:TPT:FSL,
 title = {\glslink{fstring}{Formatted} String Literals},
 chapter = {7.1.1},
 crossref = {PSF:P3D:TPT},
 url = {https://docs.python.org/3/tutorial/inputoutput.html#formatted-string-literals},
 urldate = {2024-07-25},
}

@inbook{PSF:P3D:TPT:MCFT,
 title = {More Control Flow Tools},
 chapter = {4},
 crossref = {PSF:P3D:TPT},
 url = {https://docs.python.org/3/tutorial/controlflow.html},
 urldate = {2025-09-03},
}

@inbook{PSF:P3D:TPT:VEAP,
 title = {Virtual Environments and Packages},
 chapter = {12},
 crossref = {PSF:P3D:TPT},
 url = {https://docs.python.org/3/tutorial/venv.html},
 urldate = {2024-12-24},
}

@book{PSF:P3D:WNIP,
 title = {What's New in \glslink{python}{Python}},
 crossref = {PSF:P3D},
 url = {https://docs.python.org/3/whatsnew},
 urldate = {2025-04-27}
}

@inbook{PSF:P3D:WNIP:WNIP38FSFSDEAD,
 title = {What's New In \glslink{python}{Python}~3.8:~\glslink{fstring}{f\nobreakdashes-String} Support \pythonil{=} for Self\nobreakdashes-Documenting Expressions and Debugging},
 author = a_hettinger_raymond,
 crossref = {PSF:P3D:WNIP},
 url = {https://docs.python.org/3/whatsnew/3.8.html#bpo-36817-whatsnew},
 urldate = {2024-12-01}
}

@collection{PSF:STWP,
 editor = a_python_typing_team,
 title = {Static Typing with \glslink{python}{Python}},
 date = {2021},
 publisher = p_python_software_foundation,
 address = pa_python_software_foundation,
 url = {https://typing.python.org},
 urldate = {2025-08-28},
}

@incollection{PSF:STWP:L,
 title = {\glslink{literal}{Literals}},
 crossref = {PSF:STWP},
 url = {https://typing.python.org/en/latest/spec/literal.html},
 urldate = {2025-08-29},
}

@collection{PSF:TPPIP,
 title = {The \glslink{python}{Python} Package Index~(\glslink{pypi}{PyPI})},
 url = {https://pypi.org},
 urldate = {2024-08-17},
 date = {2024},
 publisher = p_python_software_foundation,
 address = pa_python_software_foundation,
}

@incollection{PSF:TPPIP:DX0d7d1,
 author = a_helmes_christian,
 title = {\pythonilIdx{defusedxml}~0.7.1:~\glslink{XML}{XML}~Bomb Protection for \glslink{python}{Python} stdlib Modules},
 date = {2021-03-08},
 url = {https://pypi.org/project/defusedxml},
 urldate = {2024-12-15}
}

@incollection{PSF:TPPIP:R,
 author = a_marsh_charlie,
 title = {\glslink{ruff}{Ruff}},
 url = {https://pypi.org/project/ruff},
 urldate = {2025-08-29}
}

@collection{PSF:TPW,
 title = {The \glslink{python}{Python} Wiki},
 publisher = p_python_software_foundation,
 address = pa_python_software_foundation,
 date = {2005/2025},
 url = {https://wiki.python.org/moin/FrontPage},
 urldate = {2025-08-28},
}

@incollection{PSF:TPW:TC,
 author = a_andrewbadr,
 title = {TimeComplexity},
 crossref = {PSF:TPW},
 date = {2023-01-19},
 url = {https://wiki.python.org/moin/TimeComplexity},
 urldate = {2024-08-27},
}

@incollection{PSF:TPW:WIPADLAAASTL,
 author = a_boddie_paul # and # a_montanaro_skip # and # a_foord_michael # and # a_martelli_alex,
 date = {2008-08-12/2012-02-24},
 crossref = {PSF:TPW},
 title = {Why is Python a dynamic language and also a strongly typed language},
 url = {https://wiki.python.org/moin/Why%20is%20Python%20a%20dynamic%20language%20and%20also%20a%20strongly%20typed%20language},
 urldate = {2025-08-08},
}
