%% report types
@xdata{rep_ansi_standard,
 institution = p_ansi,
 address = pa_ansi,
}

@xdata{rep_arxiv_corr,
 type = {{arXiv.org}:~Computing Research Repository~{(CoRR)}},
 institution = p_cornell_university_library,
 address = pa_cornell_university_library
}

@xdata{rep_blcstr,
 type = {Computing Science Technical Report},
 institution = p_bell_labs,
 address = pa_bell_labs
}

@xdata{rep_cnri_proposal,
 institution = p_cnri,
 address = pa_cnri,
 type = {{CNRI}~Proposal},
}

@xdata{rep_ecma_standard,
 institution = p_ecma,
 address = pa_ecma,
 type = {Standard},
}

@xdata{rep_fips_standard,
 type = {Federal Information Processing Standards Publication~({FiPS~PUB})},
 institution = p_nist,
 address = pa_nist,
 issn = {0083-1816},
}

@xdata{rep_harvard_wp,
 type = {Working Paper},
 institution = p_harvard_business_school,
 address = pa_harvard_business_school,
}

@xdata{rep_irrsj,
 type = {{IBM} Research Report},
 institution = p_ibm_research_laboratory_sj,
 address = pa_ibm_research_laboratory_sj
}

@xdata{rep_icao_standard,
 institution = p_icao,
 address = pa_icao,
}

@xdata{rep_ieee_standard,
 institution = p_ieee,
 address = pa_ieee_ny,
 type = {{IEEE}~Std},
}

@xdata{rep_iso_standard,
 institution = p_iso,
 address = pa_iso,
 type = {International Standard},
}

@xdata{rep_iso_iec_standard,
 institution = p_iso # and # p_iec,
 address = pa_iso_iec,
 type = {International Standard},
}

@xdata{rep_iso_iec_ieee_standard,
 institution = pa_iso_iec # addr_sep # p_iso # and # p_iec # and # pa_ieee_ny # addr_sep # p_ieee,
 type = {{ISO/IEC/IEEE} International Standard},
}

@xdata{rep_omg,
 type = {{OMG} Document},
 institution = p_omg,
 address = pa_omg,
}

@xdata{rep_pep,
 type = {\glslink{python}{Python} Enhancement Proposal~{(PEP)}},
 institution = p_python_software_foundation,
 address = pa_python_software_foundation
}

@xdata{rep_prc_gb,
 type = {中华人民共和国国家标准~(National Standard of the People's Republic of China,~{GB})},
 address = pa_prc_standardization_administration
}

@xdata{rep_rcm,
 type = {Memorandum},
 institution = p_rand_corporation,
 address = pa_rand_corporation
}

@xdata{rep_rdr,
 institution = p_inria,
 type = {Rapport de Recherche},
 issn = {0249-6399}
}

@xdata{rep_rfc,
 institution = p_ietf,
 address = pa_ietf,
 type = {Request for Comments~(RFC)},
 issn = {2070-1721}
}

@xdata{rep_usp,
 type = {United States Patent},
 institution = p_us_patent_office,
 address = pa_us_patent_office,
}
