@article{BBDvdBBCEFKLCLIMMNOVWW2020BIOBPAOI,
 author = a_bartz_beielstein_thomas # and # a_doerr_carola # and # a_van_den_berg_daan # and # a_bossek_jakob # and # a_chandrasekaran_sowmya # and # a_eftimov_tome # and # a_fischbach_andreas # and # a_kerschke_pascal # and # a_la_cava_william # and # a_lopez_ibanez_manuel # and # a_malan_katherine_mary # and # a_moore_jason_h # and # a_naujoks_boris # and # a_orzechowski_patryk # and # a_volz_vanessa # and # a_wagner_markus # and # a_weise_thomas,
 title = {Benchmarking in Optimization: Best Practice and Open Issues},
 date = {2020-12-18},
 xdata = {rep_arxiv_corr},
 number = {abs/2007.03488},
 doi = {10.48550/arXiv.2007.03488},
 addendum = {\mbox{arXiv:2007.03488v2} \mbox{[cs.NE]} \mbox{16 Dec 2020}},
 url = {https://arxiv.org/abs/2007.03488},
 urldate = {2025-07-25},
}

@techreport{TLSYW2010BFFTC2SSACOLSGO,
 author = a_tang_ke # and # a_li_xiaodong # and # a_suganthan_ponnuthurai_nagaratnam # and # a_yang_zhenyu # and # a_weise_thomas,
 title = {Benchmark Functions for the~{CEC'2010} Special Session and Competition on Large-Scale Global Optimization},
 institution = p_ustc_scst_nical,
 address = pa_ustc_scst_nical,
 date = {2010-01-08}
}

@book{W2009GOATAA,
 author = a_weise_thomas,
 title = {Global Optimization Algorithms -- Theory and Application},
 date = {2009},
 publisher = {self-published},
 url = {https://www.researchgate.net/publication/200622167},
 urldate = {2025-07-25},
}

@article{WCLTTCMY2014BOAAOSFFTTSP,
 author = a_weise_thomas # and # a_chiong_raymond # and # a_lassig_jorg # and # a_tang_ke # and # a_tsutsui_shigeyoshi # and # a_chen_wenxiang # and # a_michalewicz_zbigniew # and # a_yao_xin,
 title = {Benchmarking Optimization Algorithms:~An Open Source Framework for the \glslink{TSP}{Traveling Salesman Problem}},
 xdata = {j_cim},
 volume = {9},
 number = {3},
 pages = {40--52},
 date = {2014-08},
 doi = {10.1109/MCI.2014.2326101},
}

@inproceedings{WNT2010AAOAB,
 author = a_weise_thomas # and # a_niu_li # and # a_tang_ke,
 title = {{AOAB} {--} Automated Optimization Algorithm Benchmarking},
 crossref = {PROC2010GECCO},
 pages = {1479--1486},
 doi = {10.1145/1830761.1830763}
}

@inproceedings{WW2023RSDEWASSAA,
 author = a_weise_thomas # and # a_wu_zhize,
 title = {Replicable Self\nobreakdashes-Documenting Experiments with Arbitrary Search Spaces and Algorithms},
 crossref = {PROC2023GECCO},
 pages = {1891--1899},
 doi = {10.1145/3583133.3596306},
}

@article{WWQLT2018ADCOAAPIBAWATCFEDASAIF,
 author = a_weise_thomas # and # a_wang_xiaofeng # and # a_qi_qi # and # a_li_bin # and # a_tang_ke,
 title = {Automatically Discovering Clusters of Algorithm and Problem Instance Behaviors as well as their Causes from Experimental Data, Algorithm Setups, and Instance Features},
 xdata = {j_asoc},
 volume = {73},
 pages = {366--382},
 date = {2018-12},
 doi = {10.1016/J.ASOC.2018.08.030},
}

%% Our own book references.

@book{databases,
 author = a_weise_thomas,
 title = {\glslink{db}{Databases}},
 date = {2025},
 publisher = p_hefei_university_iao,
 address = pa_hefei_university_iao,
 url = {https://thomasweise.github.io/databases},
 urldate = {2025-01-05}
}

@book{programmingWithPython,
 author = a_weise_thomas,
 title = {Programming with \glslink{python}{Python}},
 date = {2024/2025},
 publisher = p_hefei_university_iao,
 address = pa_hefei_university_iao,
 url = {https://thomasweise.github.io/programmingWithPython},
 urldate = {2025-01-05}
}
